3971 5383
593 154 730 225 188

479 251 783 321 sessionem,
819 253 875 306 in
910 252 1259 320 accipientem
1296 246 1481 309 fuisset
1514 248 1910 322 translaturus,
1950 268 2096 306 nunc

479 333 738 382 emtorem
771 338 835 376 ex
874 321 1170 377 traditione
1202 322 1484 377 dominum
1520 320 1717 376 efficiat
1737 361 1753 389 ,
1789 320 1825 372 l.
1860 340 1928 372 ex
1962 337 2101 376 emto

487 385 656 464 11.·§.
695 388 761 451 <y
796 392 853 445 in
883 394 1069 458 primis
1106 408 1159 446 a.
1182 387 1258 459 ff:
1295 389 1346 445 b.
1382 407 1422 446 t.
1459 395 1549 449 sed
1587 389 1643 446 id
1680 407 1790 447 non
1827 390 2105 458 impedire,

484 461 772 527 quominus
807 463 861 517 δι
916 473 1036 529 post
1069 461 1389 530 acquisitum
1422 460 1725 517 dominium
1766 463 2106 527 praestatione

479 546 591 594 ejus
626 530 767 601 quod
804 532 1024 587 interest
1061 530 1341 600 liberetur,
1382 533 1616 588 maxime
1671 532 1715 585 si
1767 528 2106 599 consideres,

481 602 650 655 etiam
685 613 816 656 ante
850 599 1149 658 dominium
1184 607 1459 671 quaesitum
1512 602 1841 658 venditorem
1887 612 1955 655 ex
1990 599 2106 664 ipso

484 668 812 726 venditionis
847 669 1128 727 contra&u
1148 667 1465 726 obstriEium
1501 665 1660 727 fuisse
1677 670 1746 726 ad
1785 663 2105 734 implendam

481 739 890 806 venditionem,
943 738 996 795 A.
1033 740 1069 793 l.
1114 758 1190 795 11.

479 824 656 864 mores
687 809 826 878 quod
862 811 1099 876 attinet,
1136 812 1392 879 scriptum
1426 810 1639 879 quidem
1672 826 1706 863 a
1741 805 1982 875 pluribus
2015 808 2104 861 in-

482 880 665 946 veni0,
697 879 1033 937 venditorem
1072 877 1361 937 habentem
1384 882 1460 935 rei
1498 879 1764 935 tradenda
1790 874 2105 932 facultatem

482 946 727 1015 compelli
766 967 908 1016 posse
929 989 946 1016 ,
979 962 1035 1005 ut
1056 951 1251 1016 ⁴tradat
1273 992 1289 1021 ,
1327 968 1427 1005 nec
1464 946 1676 1005 liberari
1718 947 2015 1016 praestando
2052 947 2106 1003 id

481 1019 624 1088 quod
664 1019 898 1074 interest.
924 1017 1254 1078 Neostadius
1289 1019 1455 1074 Curia
1473 1035 1611 1087 supr.
1631 1017 1786 1076 decis.
1824 1012 1907 1071 50.
1929 1014 2105 1072 Groe·

459 1106 752 1157 *newegen
790 1089 856 1145 ad
893 1091 928 1144 Ι.
964 1087 1017 1157 4.
1054 1088 1105 1143 C.
1130 1088 1181 1144 h.
1218 1106 1259 1146 t.
1295 1086 1577 1148 Leeuwen
1613 1107 1750 1143 cens.
1775 1083 1882 1155 fhr.
1917 1102 2031 1151 par.
2057 1100 2103 1141 ι.

483 1155 573 1212 lib.
611 1157 665 1226 4.
687 1174 799 1227 cap.
847 1177 925 1214 ιο.
947 1180 1093 1215 num.
1137 1176 1215 1215 ιο.
1254 1170 1412 1226 atque
1449 1159 1526 1214 ita
1564 1162 1754 1216 emtori
1788 1152 2104 1214 eleEiionem

478 1243 516 1281 ι
554 1225 754 1284 Grotio
784 1228 968 1299 tribui,
1006 1243 1187 1286 utrum
1223 1240 1339 1298 post
1355 1245 1562 1284 moram
1600 1229 1654 1283 in
1676 1225 1939 1284 tradendo
1975 1224 2125 1279 velit-

482 1307 762 1366 ucceptare
796 1316 827 1352 a
865 1299 1143 1356 venditore
1173 1299 1362 1369 quanti
1396 1316 1490 1355 sua
1528 1304 1769 1367 interest,
1804 1313 1875 1353 an
1911 1301 2102 1352 etiam—

479 1384 620 1422 num
654 1368 919 1425 mordicus
956 1388 1017 1425 ur
1055 1388 1140 1424 ere
1176 1370 1487 1425 traditionis
1524 1371 1896 1426 necessitatem
1917 1404 1933 1435 ,
1968 1364 2105 1418 Ma-

480 1436 607 1493 nud.
647 1437 982 1507 adjurispru
1025 1481 1036 1491 .
1075 1439 1215 1494 Holl.
1252 1436 1343 1493 lib.
1366 1433 1417 1493 3.
1453 1453 1562 1506 cap.
1610 1435 1690 1493 15.
1721 1443 1870 1492 hum.
1909 1431 1996 1489 26.
2017 1449 2102 1504 27.

475 1503 570 1564 ΣΒ.
611 1504 798 1574 Neque
819 1505 925 1563 haec
960 1507 1182 1566 dubium
1204 1506 1496 1577 habebunt,
1532 1507 1579 1562 si
1598 1506 1862 1576 judicibus
1896 1515 2105 1560 nostra-

482 1575 631 1633 tibus
667 1578 720 1632 id
762 1578 1076 1648 vindicetur,
1110 1578 1252 1649 quod
1285 1595 1350 1634 ex
1370 1575 1551 1632 officio
1588 1594 1681 1632 suo
1699 1582 1837 1631 veris
1870 1573 2107 1630 dominis

481 1663 598 1701 rem
633 1642 845 1703 auferre
879 1650 936 1704 ὅ(
973 1651 1032 1703 in
1070 1648 1234 1702 alium
1274 1644 1566 1703 transferre
1600 1651 1802 1714 possint
1859 1643 1943 1702 uti
1965 1642 2107 1698 hanc

480 1717 608 1783 ipsis
641 1729 957 1783 potestatem
1011 1714 1254 1774 defendit
1307 1714 1634 1774 Neosta'dius
1668 1713 1722 1770 d.
1808 1717 1926 1768 ecit.
1963 1728 2105 1782 supr.

483 1787 606 1842 Cur.
643 1786 729 1842 50.
766 1786 1034 1844 Caterum
1070 1791 1111 1843 si
1168 1798 1467 1845 extremum
1504 1785 1634 1842 illud
1656 1826 1673 1855 ,
1725 1781 2107 1842 abdueiionem

479 1873 671 1925 nempe
706 1866 800 1910 aut
840 1853 1209 1913 induEiionem
1244 1858 1303 1912 in
1341 1857 1725 1926 possessionem
1759 1873 1849 1922 per
1883 1870 2106 1908 manum

481 1924 779 2002 militarem
818 1944 927 1982 non
966 1928 1044 1981 ita
1078 1924 1234 1982 facile
1274 1945 1371 1982 nec
1407 1930 1700 1994 promiscue
1745 1921 2107 1982 adhibendam

483 1995 699 2059 judices
735 1997 1065 2066 censuerint,
1100 1996 1431 2062 alterumque
1460 1996 1786 2064 propositum
1822 2010 1854 2048 a
1877 1992 2108 2051 Neosta·

484 2064 579 2122 dio
614 2066 842 2134 cogendi
877 2063 1374 2133 modum-ample&
1429 2065 1658 2133 malint,
1711 2063 1871 2120 civile
1919 2078 2109 2130 nempe

483 2133 794 2190 venditoris
828 2137 1129 2192 custodiam
1166 2132 1471 2219 (Ciysesingt)
1504 2136 1673 2206 magis
1705 2146 1823 2201 est,
1876 2146 1939 2189 ut
1977 2144 2108 2188 tunc

484 2200 663 2259 adhuc
701 2201 943 2259 Romani
976 2200 1100 2274 juris
1135 2205 1504 2261 dennitionem
1532 2208 1735 2261 servari
1770 2204 2028 2271 dicamus,
2047 2206 2107 2255 in

487 2283 754 2340 quantum
792 2283 924 2328 tunc
961 2291 1071 2330 non
1107 2273 1256 2332 aliud
1294 2276 1348 2329 in
1389 2276 1490 2332 reis
1510 2275 1576 2330 ad
1615 2274 1933 2332 tradendum
1957 2287 2106 2327 com-

482 2340 744 2409 pellendis
780 2341 1072 2402 adhibetur
1105 2345 1430 2416 remedium,
1464 2360 1624 2414 quam
1660 2345 1796 2411 quod
1835 2342 1900 2398 ad
1939 2347 2107 2410 impe-

480 2411 736 2468 trandum
779 2412 1182 2480 implementum
1236 2412 1584 2485 obligationis
1636 2414 1705 2469 ad
1742 2412 1849 2467 alia
1894 2412 2108 2484 qualia-

479 2497 694 2548 cunque
727 2481 842 2540 sive
876 2483 1016 2539 nuda
1036 2489 1146 2542 sive
1180 2501 1292 2540 non
1329 2484 1472 2541 nuda
1493 2480 1942 2541 fasta'tendentis
1959 2497 2107 2536 com-

483 2562 742 2619 paratum·
769 2565 890 2619 est,·
924 2565 1082 2621 atque
1116 2553 1251 2611 adeo
1284 2551 1459 2610 adhuc
1495 2569 1684 2614 verum
1716 2555 1854 2623 erit,
1890 2549 2108 2608 liberari

485 2621 822 2677 venditorem
858 2622 1158 2690 praestando
1194 2624 1248 2680 id
1282 2623 1424 2695 quod
1459 2623 1681 2679 interest
1702 2663 1721 2693 ,
1755 2623 1895 2679 sicut
1919 2622 2108 2677 ‘evenit

483 2690 546 2747 in
584 2688 834 2747 omnibus
869 2689 995 2749 faui
1029 2689 1495 2765 obligationibus:
1526 2693 1742 2765 quod&
1782 2689 2109 2750 Neostadius

485 2760 631 2816 haud
657 2758 949 2832 diffitetur,
983 2762 1108 2818 dum
1145 2762 1355 2833 scribit,
1390 2770 1433 2819 si
1471 2764 1721 2821 venditor
1755 2762 1971 2821 taedium
1990 2777 2107 2815 car·

483 2835 619 2887 ceris
653 2834 952 2898 pervicacia
972 2837 1204 2902 evincat,
1238 2836 1293 2891 ἃ
1313 2833 1525 2899 tradere
1560 2831 1721 2903 nolit,
1755 2843 1870 2887 tum
1887 2833 2110 2890 demum

480 2903 681 2961 emtori
719 2897 845 2956 faffl
884 2904 1275 2969 praestationem
1309 2921 1399 2971 per
1434 2899 1659 2971 judicem
1679 2906 1941 2958 aestimare
1978 2898 2107 2956 lice-

483 2969 589 3037 bit,
625 2971 952 3039 pretiumque
987 2970 1303 3043 pignoribus
1336 2975 1507 3038 captis
1538 2973 1787 3049 exsequi,
1826 2970 2108 3044 venditore

481 3039 841 3097 nihilominus
874 3058 1083 3098 carcere
1119 3044 1360 3113 detent0,
1397 3042 1526 3097 dum
1547 3045 1780 3111 pretium
1813 3058 1880 3097 ex
1915 3041 2107 3109 pigno·

481 3125 603 3171 rum
637 3124 913 3177 captorum
945 3109 1294 3168 distrafflone
1311 3107 1638 3183 consenum,
1673 3128 1853 3180 resque
1872 3106 2107 3179 judicata

491 3178 671 3239 soluta
709 3177 910 3250 fuerit,
945 3180 1104 3239 decis.
1144 3181 1227 3237 50.
1265 3185 1322 3237 in
1352 3181 1478 3253 fine.
1861 3194 1868 3200 '

565 3248 652 3308 ι5.
690 3247 824 3311 Non
861 3264 1044 3309 tamen
1082 3253 1376 3321 praestanda
1411 3251 1608 3310 emtori
1645 3269 1736 3321 per
1777 3249 2109 3308 venditorem

491 3337 554 3383 ea
577 3361 595 3392 ,
634 3337 745 3390 qua:
783 3333 999 3376 tantum
1033 3322 1446 3380 commendandi
1482 3323 1654 3407 gratia
1723 3336 1850 3377 -non
1885 3332 1946 3375 ut
1981 3338 2107 3388 prse-

493 3404 703 3461 staret,
736 3389 802 3447 de
837 3391 917 3447 rei
956 3388 1203 3449 bonitate
1236 3390 1378 3446 dixit
1446 3395 1548 3449 ms'i
1585 3391 1656 3449 do
1681 3408 1740 3446 us
1775 3401 2064 3446 concurrat

485 3462 524 3516 l.
545 3458 811 3516 sciendum
855 3474 932 3531 ι9.
948 3455 1016 3527 ffl
1031 3459 1095 3515 de
1112 3461 1240 3515 aedil.
1262 3433 1414 3517 edaea‘ss.
1437 3460 1470 3516 Ι.
1492 3460 1630 3531 quod
1642 3458 1876 3518 venditor
1913 3455 1998 3529 57.
2028 3429 2104 3528 ff}

484 3529 553 3591 de
588 3527 718 3601 dolo,
752 3530 788 3586 l.
810 3530 1053 3598 Iulianus·
1096 3524 1560 3602 13.§;1ivendt·tor
1592 3530 1646 3598 4.
1663 3527 1727 3600 ffl
1750 3529 1801 3585 b.
1828 3544 1868 3582 t.
1889 3542 1983 3584 aut
2020 3530 2107 3583 ni·-

486 3600 533 3656 si
586 3611 788 3656 temere
841 3606 1189 3659 asservaverit
1258 3598 1407 3659 bonae
1472 3597 1614 3674 frugi
1667 3603 1723 3658 δε
1774 3596 1939 3655 fidum
1995 3616 2106 3656 esse

490 3684 915 3741 servum„quem
951 3669 1217 3741 vendidit,
1236 3668 1357 3727 cuni
1395 3666 1482 3725 sur
1515 3684 1686 3735 esset3
1724 3685 1789 3724 eo
1822 3668 1984 3739 quod,
2022 3669 2106 3725 uti

401 3798 416 3813 ‚
491 3743 560 3804 is,
598 3739 691 3807 qui
726 3740 868 3811 scit,
899 3755 1224 3808 praemonere
1258 3739 1463 3811 debuit,
1501 3735 1673 3797 furem
1707 3756 1835 3808 esse,
1886 3741 1982 3808 sic,
2017 3739 2105 3807 qui

490 3810 818 3882 ici-ignorat,
840 3826 948 3864 non
984 3806 1146 3865 debet
1184 3806 1357 3865 facilis
1393 3827 1504 3867 esse
1538 3811 1607 3867 ad
1644 3811 1982 3871 temerariam
2020 3811 2105 3863 in-

491 3880 824 3939 dicationem
846 3920 863 3949 ,
899 3880 933 3935 l.
953 3879 1196 3935 Julianus
1243 3874 1320 3933 ι5.
1356 3871 1563 3949 §.quid
1591 3896 1772 3935 tamen
1807 3875 1861 3946 A.
1887 3875 1956 3948 ff.
1992 3877 2043 3934 b.
2064 3894 2104 3934 t.

491 3949 604 4010 Sed
637 3952 703 4007 de
739 3947 820 4005 his
861 3948 1019 4004 latius
1047 3963 1086 4003 t.
1108 3945 1180 4003 de·
1204 3947 1336 4004 adil.
1357 3949 1514 4006 edici.

573 4019 654 4079 16.
691 4017 919 4076 Venditi
955 4017 1130 4089 affio,
1166 4035 1276 4087 quae
1313 4020 1500 4078 itidem
1532 4017 1918 4087 personalis&
1957 4014 2109 4073 bona

492 4087 621 4148 fidei
657 4102 757 4160 est,
795 4088 1067 4145 venditori
1099 4091 1260 4145 datur
1280 4112 1302 4156 ,·
1337 4090 1450 4147 sivo
1483 4091 1560 4149 rei
1590 4089 1817 4148 venditae
1855 4087 2111 4142 dominus

491 4162 582 4225 sit,
621 4165 754 4230 sive,
788 4176 910 4216 cum
945 4159 1193 4219 dominus
1211 4177 1320 4217 non
1340 4171 1497 4231 esset,
1531 4175 1752 4216 vacuam
1773 4170 1954 4213 tamen
1993 4169 2106 4210 tra-

494 4231 698 4293 diderit
734 4231 812 4284 rei
837 4233 1248 4297 possessionem,
1285 4246 1399 4302 arg·
1435 4230 1471 4286 l.
1495 4249 1558 4283 ex
1594 4246 1731 4284 emto
1774 4246 1852 4284 ιι.
1890 4221 1940 4299 ᾧ.
1962 4222 2030 4285 (3
2051 4227 2108 4279 in

484 4302 676 4371 primis·
713 4315 766 4354 2.
790 4302 847 4356 in
864 4294 1059 4369 fineffi
1083 4298 1132 4357 h.
1153 4314 1193 4353 t.
1231 4298 1557 4359 Neostadius
1589 4299 1773 4355 Curiae.
1795 4311 1930 4364 supr.
1949 4293 2105 4349 decit.

493 4369 617 4429 125.
652 4372 708 4428 ἃ
744 4368 947 4424 utiliter
963 4373 1128 4426 etiam
1162 4370 1233 4442 ei,
1269 4388 1366 4437 pro
1383 4387 1484 4439 qua
1505 4380 1816 4437 procurator
1851 4382 1916 4422 ex
1954 4380 2106 4419 man·

489 4442 619 4501 dato
655 4455 764 4495 rem
784 4438 1056 4508 vendidit,
1093 4456 1154 4494 ar
1193 4481 1206 4494 .
1228 4441 1527 4496 l.Jt0-lianur
1555 4432 1708 4512 15.§.
1730 4440 1777 4492 si
1810 4446 2109 4515 procurator

494 4506 659 4581 ¹⁵·ff·
683 4508 733 4564 b.
753 4524 792 4564 t.
814 4507 876 4564 Si
913 4505 1099 4578 iudicis
1170 4523 1346 4571 ecreto
1380 4527 1478 4580 per·
1494 4521 1820 4567 executores
1856 4510 1939 4561 rei·
1968 4503 2108 4574 judi-

486 4592 618 4643 cate
654 4598 736 4636 res
773 4580 996 4637 venditae
1034 4581 1181 4652 sint,
1217 4577 1593 4641 executoribus
1629 4581 1750 4647 ipsis
1786 4572 1935 4632 velut
1972 4588 2108 4630 ven-

486 4649 771 4720 ditoribus,
811 4667 921 4707 non
960 4655 1091 4714 item
1123 4648 1500 4717 creditoribus,
1538 4649 1596 4701 in
1634 4643 2110 4716 quorum-utilita-

1839 160 1975 224 Lib.
2029 159 2214 226 XIX.
2266 152 2393 227 Tit.
2444 161 2498 222 Ῑ.

1268 781 1280 793 .
1319 757 1368 793 2.
1397 736 1471 810 ff.
1508 738 1557 794 b.
1596 757 1636 796 t.
1693 737 1926 796 Nostros
1977 735 2123 792 vero'

2163 253 2256 307 Ft‘o
2297 252 2375 310 15.
2397 258 2454 308 vir,
2478 251 2576 308 sed
2601 255 2651 309 si
2682 266 2849 309 emtor
2884 263 2933 324 7.
2943 247 3016 324 ff
3033 250 3103 306 de
3131 265 3188 308 ne
3205 246 3455 314 judicate
3491 245 3653 319 Resp·
3668 251 3769 310 Ju-

2161 325 2279 380 risc.
2302 320 2457 381 Holl.
2472 339 2612 391 part.
2634 320 2686 379 5.
2705 326 2802 381 vol.
2824 340 2874 380 2.
2895 323 3069 378 concil.
3096 333 3216 393 229·
3226 315 3485 393 pag-656.
3524 318 3769 378 Institui-

2162 405 2251 449 tur
2284 405 2465 448 autem
2501 395 2753 453 adversus
2788 403 3069 460 emtorem,
3101 395 3156 449 δι
3194 392 3401 447 utiliter
3431 394 3601 448 etiam
3633 407 3767 448 eon-

2163 476 2250 519 tra
2284 480 2426 532 eum,
2460 466 2551 534 qui
2585 467 2693 523 erni
2711 465 3012 532 mandavit,
3047 465 3297 529 maxime,
3330 463 3376 516 si
3402 476 3527 516 cum
3560 472 3770 516 consta·-

2162 545 2241 588 ret
2278 533 2344 588 de
2380 535 2656 605 mandato,
2693 551 2889 590 nomen
2925 531 3070 602 ejus,
3107 543 3370 598 tanquam
3402 533 3647 596 cantoris,
3678 530 3787 583 in-'

2162 611 2363 660 sertum
2398 608 2468 659 sit
2517 605 2879 660 instrumento
2912 602 3209 669 emtionis,
3242 617 3304 655 ac
3365 615 3568 658 merces
3617 613 3771 653 man-

2160 671 2277 728 dati
2315 672 2522 729 traditae
2536 678 2664 744 sint,
2699 690 2808 742 arg.
2845 672 2958 728 d.t.
2990 666 3065 727 13.
3086 663 3135 743 §
3180 666 3263 725 25.
3298 668 3367 738 ff.
3406 667 3457 723 b.
3494 686 3534 724 t.
3564 670 3777 725 etianisi

2163 753 2293 797 tunc
2326 743 2589 800 mandans
2642 748 2972 813 procuratori
3006 741 3237 808 pretium
3272 750 3616 808 numerasset,
3637 756 3770 795 ven-

2160 811 2327 867 ditori
2399 828 2461 868 ro
2512 831 2570 870 re
2606 815 2821 870 vendita
2871 810 3243 880 pendendum3
3299 825 3396 864 nec
3450 806 3539 865 hic
3573 807 3774 880 persol-

2164 882 2321 950 verit,
2412 883 2709 949 esp.Jurisc.
2736 880 2884 940 Holl.
2904 896 3042 950 part.
3091 896 3135 934 1.
3171 878 3351 934 concil.
3372 873 3491 944 248.

2241 964 2324 1021 17.
2360 948 2525 1023 Quod
2560 954 2607 1009 si
2642 954 2760 1024 quis
2796 967 2909 1007 rem
2940 968 3001 1006 ea
3034 953 3226 1005 emerit
3262 945 3400 1018 lege,
3432 960 3494 1003 ut
3529 946 3763 1014 pretium

2163 1018 2358 1091 solvat,
2393 1021 2600 1092 quando
2633 1024 2871 1092 voluerit,
2906 1031 2998 1075 aut
3032 1035 3307 1089 postquam
3329 1016 3504 1082 sinric
3537 1019 3773 1072 Romus

2161 1087 2438 1162 prefebiur,
2475 1098 2582 1159 ipse
2617 1094 2828 1159 quidem
2851 1095 3000 1145 vivus
3016 1088 3297 1143 conveniri
3333 1087 3518 1156 nequit
3555 1099 3617 1144 ut
3653 1105 3774 1155 pre-

2164 1160 2302 1217 tium
2336 1173 2563 1231 praestet,
2599 1175 2692 1219 aut
2729 1159 2960 1219 Romam
2994 1171 3100 1229 eat,
3133 1174 3242 1236 quo
3276 1167 3530 1212 nascatur
3564 1154 3775 1214 exafflo

2166 1230 2361 1299 pretii,
2396 1230 2488 1288 sed
2524 1232 2692 1304 magis
2728 1243 2845 1299 post
2881 1227 3090 1285 obitum
3124 1244 3233 1292 ειυς
3267 1225 3522 1283 adversus
3556 1224 3774 1285 heredes

2163 1300 2379 1356 demum
2413 1301 2481 1356 ad
2516 1302 2924 1368 implementum
2960 1294 3271 1353 contraeas
3306 1311 3339 1349 a
3374 1296 3503 1351 endi
3541 1309 3772 1363 potestas

2163 1382 2264 1438 est,
2296 1373 2443 1439 quasi
2477 1370 2718 1428 extinao
2752 1368 2859 1437 jam
2899 1366 2993 1422 illo
3028 1364 3247 1423 volendi
3282 1380 3342 1418 ar
3384 1366 3537 1435 itrio,
3570 1382 3638 1421 ex
3671 1383 3779 1436 quo

2167 1456 2278 1494 non
2319 1442 2425 1507 ipse
2460 1438 2769 1497 contraEius
2804 1455 3084 1505 suspensus
3110 1446 3252 1502 orat,
3290 1436 3379 1491 sed
3415 1446 3631 1492 tantum
3670 1441 3772 1490 im-

2166 1507 2497 1577 plementum
2534 1508 2842 1566 contraditis
2875 1524 3005 1575 pure
3038 1503 3335 1578 celebrati,
3366 1521 3481 1574 arg.
3519 1506 3556 1559 l.
3594 1505 3783 1562 locatio

2166 1576 2218 1645 4.
2233 1575 2303 1647 ffi
2322 1581 2494 1633 locati.
2535 1576 2655 1635 Nec
2690 1580 3034 1645 adversatur,
3068 1583 3104 1629 l.
3140 1575 3437 1630 centesimis
3469 1573 3558 1642 46.
3590 1568 3647 1646 §.
3665 1591 3776 1645 pen.

2166 1646 2233 1710 (3
2267 1645 2446 1714 αἱμῄῑῖ
2469 1646 2547 1701 de·
2569 1646 2705 1704 verb.
2727 1646 2824 1703 obl.
2845 1652 2900 1700 in
2939 1662 3043 1715 qua
3065 1642 3259 1700 Paulus
3279 1644 3377 1712 ait,
3413 1643 3665 1700 inutilem
3695 1664 3779 1702 et·

2166 1735 2221 1774 se
2257 1715 2541 1772 verborum
2558 1717 2961 1792 obligationem,
2997 1731 3099 1782 qua
3116 1715 3235 1784 quis
3254 1715 3523 1779 promittit
3538 1727 3779 1784 centum,

2168 1790 2215 1843 si
2247 1787 2462 1843 voluerit
2480 1828 2497 1857 ,
2532 1781 2774 1843 vchstm
2810 1786 3029 1842 voluerit
3083 1783 3299 1854 quidem
3332 1785 3443 1852 ipse
3478 1787 3632 1839 vivus
3666 1802 3783 1841 non

2166 1862 2514 1914 constituerit
2547 1875 2604 1913 se
2641 1858 2775 1913 velle
2809 1854 3112 1927 obligatum
3146 1869 3257 1912 esse
3277 1873 3299 1917 ‚-
3332 1854 3475 1910 unde
3511 1857 3658 1921 sequi
3694 1859 3777 1909 vi·

2166 1925 2411 1993 debatur,
2451 1940 2636 1982 nostro
2670 1942 2876 2004 quoque
2923 1941 3050 1981 casu
3087 1921 3342 1979 inutilem
3374 1923 3669 1980 emtionem
3701 1941 3784 1979 es-

2167 2015 2243 2065 se,
2277 2002 2321 2051 si
2354 2009 2525 2051 emtor
2561 1998 2672 2064 ipse
2711 1998 2862 2051 vivus
2901 1993 3136 2052 Romam
3167 1992 3348 2049 eundo
3385 2009 3493 2048 non
3530 1990 3783 2050 deciara-

2166 2066 2327 2134 verit,
2363 2084 2417 2121 se
2452 2064 2588 2123 velle
2608 2065 2830 2124 debere.
2871 2063 3093 2121 Etenim
3112 2062 3270 2134 longe
3290 2060 3439 2118 aliud
3473 2073 3573 2132 est,
3609 2075 3789 2118 totam

2169 2136 2567 2204 venditionem,
2605 2135 3049 2202 stipulationem,
3104 2130 3335 2187 aliamve
3366 2128 3597 2188 similem
3650 2147 3783 2187 con-

2168 2206 2479 2260 ventionem
2530 2207 2823 2272 dependere
2859 2203 2928 2259 ab
2981 2202 3211 2258 arbitrio
3245 2197 3389 2270 ejus,
3441 2203 3533 2268 qui
3570 2197 3785 2258 futurus

2167 2286 2249 2330 est
2289 2273 2503 2331 debitor
2522 2294 2543 2338 ;
2578 2292 2682 2346 quo
2716 2291 2872 2342 casu,
2907 2278 2989 2330 uti
3022 2271 3299 2340 stipulatio
3334 2270 3625 2327 secundum
3660 2269 3712 2325 d.
3750 2273 3789 2327 l.

2167 2342 2251 2467 546.
2273 2336 2323 2413 §.
2342 2360 2455 2410 pen.
2479 2344 2545 2405 Φ*
2564 2345 2661 2400 ult.
2683 2345 2890 2402 inutilis
2925 2354 3025 2407 est,
3060 2343 3139 2396 ita
3158 2358 3227 2409 qu
3298 2357 3365 2396 ue
3395 2342 3561 2396 emtio
3588 2344 3782 2411 imper-

2193 2411 2309 2471 efia
2344 2428 2609 2483 censetur,
2630 2413 2666 2468 Ι.
2686 2413 2825 2485 quod
2844 2427 2962 2481 παρέ
2984 2409 3069 2469 35.
3087 2402 3138 2483 ὗ.
3161 2411 3258 2468 illu
3318 2428 3362 2465 1.
3380 2404 3445 2478 ffi
3459 2407 3526 2476 de
3543 2409 3779 2467 muci-05.

2168 2498 2294 2537 emt.
2316 2481 2463 2540 aliud
2503 2500 2648 2551 vero,
2681 2488 2977 2541 emtionem
2994 2501 3122 2554 pure
3155 2478 3430 2551 contrahi,
3461 2478 3555 2536 sed
3590 2479 3787 2550 imple-

2167 2565 2410 2609 mentum
2444 2549 2557 2618 ejus
2590 2551 2790 2612 differri
2847 2559 2904 2611 in
2942 2541 3151 2622 tempu!
3199 2549 3431 2606 arbitrio
3462 2550 3693 2606 emtoris
3722 2567 3783 2606 ae

2170 2620 2449 2679 voluntate
2482 2619 2847 2682 definiendum
2900 2622 3042 2694 quod
3076 2633 3156 2677 est
3195 2625 3251 2677 in
3273 2631 3461 2675 nostra
3498 2614 3632 2676 fasti
3669 2639 3783 2691 spe-

2167 2696 2247 2746 cie
2264 2714 2289 2759 ,-
2323 2694 2380 2746 in
2417 2711 2521 2762 qua
2558 2704 2772 2750 tantum
2806 2665 3157 2765 obligationis
3189 2689 3261 2748 ad
3297 2693 3528 2758 pretium
3560 2687 3791 2748 solverim

2166 2761 2313 2830 dum,
2350 2759 2497 2817 illico
2529 2778 2652 2817 cum
2669 2767 2787 2831 ipso
2803 2760 3085 2819 contra&
3105 2773 3270 2837 nats,
3287 2761 3532 2816 executio
3566 2777 3783 2829 stupen-

2168 2848 2225 2886 sa
2262 2828 2364 2888 fuit
2401 2849 2432 2886 a
2471 2830 2752 2890 voluntate
2787 2833 3009 2889 emtor-is
3034 2850 3055 2898 ᾗ
3084 2845 3238 2897 cujus
3274 2828 3497 2898 proinde
3531 2828 3791 2887 voluntas

2168 2912 2344 2957 morte
2395 2918 2642 2973 cessans,
2694 2904 2857 2959 etiam
2896 2919 3005 2958 non
3058 2900 3206 2956 ultra
3242 2895 3570 2967 suspendere
3610 2902 3785 2968 potuit

2171 2969 2575 3038 implementum
2622 2988 2653 3026 a
2690 2972 2805 3026 sola
2857 2971 3080 3028 emtoris
3132 2968 3415 3026 voluntate
3460 2966 3791 3027 dilationem

2168 3038 2393 3179 haine-J,
2428 3038 2481 3093 d.
2517 3040 2555 3095 Ι.
2592 3038 2645 3109 4.
2675 3039 2747 3114 ffi
2786 3041 2962 3109 locati,
2997 3037 3180 3096 Sande
3211 3038 3494 3094 deustis.
3530 3036 3621 3093 lib.
3659 3034 3715 3096 3.
3748 3058 3785 3096 r.

2208 3152 2218 3164 .
2348 3150 2360 3163 .
2401 3124 2450 3163 a.

2166 3122 2203 3181 9
2244 3177 2326 3237 ιθ.
2361 3178 2567 3236 Tendit
2601 3179 2711 3237 hae
2745 3178 2973 3238 atiioad
2994 3179 3071 3251 id,
3104 3190 3166 3236 ut
3200 3188 3373 3235 emtor
3407 3178 3645 3247 pretium
3679 3179 3795 3238 sol-

2169 3260 2261 3305 vat
2288 3264 2682 3321 ,nummosque
2717 3255 2792 3307 ita
2826 3249 3040 3307 solutos
3103 3248 3416 3318 accipientis
3472 3245 3641 3306 faciat
3678 3245 3797 3319 iore

2167 3321 2429 3391 dominii,
2466 3318 2587 3376 licet
2624 3336 2708 3377 res
2743 3319 2922 3376 aliena
2957 3314 3149 3376 fuisset
3183 3320 3445 3388 vendita,
3496 3336 3612 3392 arg.
3650 3319 3690 3376 l.
3731 3338 3787 3373 σοι

2166 3406 2303 3446 emto
2344 3406 2422 3445 ιι.
2444 3384 2495 3463 §.
2534 3387 2679 3451 &in
2706 3393 2890 3458 primif
2929 3406 2978 3444 2.
2984 3387 3061 3459 ff
3081 3387 3133 3444 b.
3154 3402 3193 3443 t.
3231 3390 3496 3457 impensas
3530 3392 3799 3445 restituat*

2167 3477 2199 3515 a
2237 3459 2521 3517 venditore
2554 3470 2672 3528 post
2711 3459 3085 3519 venditionem
3119 3463 3175 3512 iu
3210 3474 3333 3514 rem
3362 3470 3567 3515 emtam
3602 3455 3795 3528 fatias,

2167 3530 2302 3588 adeo
2335 3541 2395 3584 ut
2429 3530 2485 3588 δι
2522 3533 2579 3584 in
2618 3527 2777 3586 funus
2794 3533 2931 3586 servi
2970 3529 3199 3596 venditi,
3226 3529 3327 3585 sed
3361 3528 3792 3587 antetmffifioe

2169 3614 2297 3655 nem
2332 3596 2580 3668 extinffi,
2613 3615 2706 3657 ero
2745 3610 2835 3654 ata
2872 3599 3139 3655 reddenda
3176 3600 3309 3668 sint,
3343 3599 3380 3656 l.
3416 3597 3667 3655 Iuliana,
3710 3593 3797 3654 ι5.

2165 3663 2479 3808 ἕξις.
2500 3617 2742 3805 &fi-525³}
2756 3668 2853 3798 'a
2870 3665 3381 3794 {aits-{ffl-
3408 3661 3796 3807 sirim

2165 3820 2367 3865 sumtus
2405 3810 2462 3862 in
2500 3805 2714 3865 cibaria
2748 3807 2891 3865 servi
2926 3819 3022 3863 aut
3057 3803 3306 3863 animalis
3344 3809 3550 3866 venditi
3606 3811 3659 3864 si
3695 3825 3787 3878 per

2166 3878 2693 3946 emtorem'steterit,
2728 3894 2834 3948 quo
2868 3877 3044 3933 rui-nus
3085 3877 3136 3934 ei
3173 3876 3496 3947 traderetur,
3556 3879 3636 3933 ,η’
3671 3900 3797 3937 ven-

2166 3948 2303 4003 ditor
2336 3942 2418 4006 53.
2458 3940 2508 4021 §.
2531 3947 2576 3999 ri
2607 3962 2693 4016 per
2727 3963 2977 4001 cantorem
3022 3964 3065 4002 ι.
3082 3941 3153 4014 ff
3168 3944 3219 4001 b.
3238 3966 3280 4002 t.
3321 3945 3540 4004 Praestet
3577 3949 3799 4019 insuper

2165 4034 2229 4075 ea
2264 4016 2475 4086 cannia,
2510 4033 2623 4084 quae
2659 4014 2744 4073 vel
2779 4034 2848 4074 ex
2885 4014 3100 4084 speciali
3120 4012 3273 4086 paeto
3306 4021 3570 4088 apposito,
3606 4019 3705 4076 vei
3733 4038 3805 4077 ex

2168 4097 2360 4144 natura
2393 4088 2647 4143 emtionis
2686 4087 2985 4156 prestanda
3019 4098 3183 4155 stunt,
3272 4091 3489 4155 κείρας.
3506 4103 3701 4146 usuras
3732 4106 3799 4147 ex

2167 4172 2355 4222 mor25
2391 4172 2515 4212 cum
2550 4173 2767 4225 aequum
2780 4156 3045 4227 videatur,
3081 4170 3164 4226 ut,
3236 4152 3644 4216 umresruitur
3683 4177 3803 4217 em-

2166 4239 2271 4295 tor,
2306 4244 2476 4284 usurae
2510 4228 2777 4284 venditori
2803 4227 3027 4296 cedant,
3065 4227 3099 4281 l.
3120 4223 3327 4281 curabit
3361 4224 3414 4283 5.
3434 4225 3557 4285 Ch.
3580 4245 3620 4284 t.
3642 4229 3787 4286 Liu-

2168 4296 2346 4352 liamer
2387 4288 2538 4370 15.§.
2571 4299 2785 4355 veniunt
2824 4312 2911 4350 20.
2950 4311 3043 4350 ει.
3078 4291 3143 4363 ffl
3162 4293 3215 4351 b.
3239 4312 3281 4351 t.
3318 4295 3461 4366 quod
3493 4298 3550 4355 δι
3588 4306 3809 4356 nostris

2170 4362 2425 4434 moribus,
2458 4365 2648 4437 quibus
2680 4364 2927 4437 alioquin
2958 4361 3233 4423 difficilius
3266 4382 3336 4423 ex
3368 4380 3526 4422 mora
3561 4366 3807 4436 extr-aiu·-

2168 4434 2350 4492 diciali
2386 4450 2557 4492 usurae
2591 4432 2896 4505 debentur,
2931 4431 3033 4505 (nt
3067 4433 3270 4492 dicetur
3303 4451 3342 4491 t.
3380 4433 3443 4490 de
3478 4436 3703 4512 uincit)
3740 4447 3799 4497 in

2168 4503 2486 4632 ffiaediomm
2520 4505 2936 4562 rusticorum&
2965 4502 3299 4562 urbanorum
3317 4505 3635 4566 venditione
3668 4527 3801 4578 pro-

2240 4585 2355 4629 tum
2388 4587 2509 4644 est«,
2544 4591 2616 4632 ex
2655 4574 2891 4643 quo-illa
2928 4571 3136 4630 fixerint·
3178 4576 3617 4635 emmam-adita
3640 4580 3799 4647 ,rvet

2170 4647 2437 4714 pensionis
2472 4642 2721 4716 cuiusque
2770 4646 2886 4702 dies
2919 4649 3116 4716 cessit,
3150 4642 3246 4702 ubi
3281 4644 3659 4705 annua-him
3693 4652 3791 4709 tri-

495 4734 603 4795 tem
639 4720 791 4785 cedet
826 4722 1084 4805 pretium,
1114 4718 1259 4787 aetio
1293 4718 1407 4788 hae
1438 4718 1617 4785 danda
1650 4730 1898 4799 est„arg3
1921 4715 1955 4773 Ι.
1977 4714 2107 4774 aeD.
2154 4730 2259 4802 &ma
2292 4713 2619 4783 diesoiuno
2650 4712 2810 4792 pretii
2843 4731 2911 4774 ex
2947 4710 3105 4798 pauely
3139 4711 3253 4778 fieri
3280 4713 3617 4805 debettarg.
3654 4720 3799 4785 aa,
