<?xml version="1.0" encoding="UTF-8"?>
<!DOCTYPE html PUBLIC "-//W3C//DTD XHTML 1.0 Transitional//EN"
    "http://www.w3.org/TR/xhtml1/DTD/xhtml1-transitional.dtd">
<html xmlns="http://www.w3.org/1999/xhtml" xml:lang="en" lang="en">
 <head>
  <title>
</title>
<meta http-equiv="Content-Type" content="text/html;charset=utf-8" />
  <meta name='ocr-system' content='tesseract 3.04.00' />
  <meta name='ocr-capabilities' content='ocr_page ocr_carea ocr_par ocr_line ocrx_word'/>
</head>
<body>
  <div class='ocr_page' id='page_1' title='image "./joannisvoetcomm00burmgoog_0352.png"; bbox 0 0 3971 5383; ppageno 0'>
   <div class='ocr_carea' id='block_1_1' title="bbox 615 193 2531 265">
    <p class='ocr_par' dir='ltr' id='par_1_1' title="bbox 615 193 2531 265">
     <span class='ocr_line' id='line_1_1' title="bbox 615 193 2531 265; baseline -0.001 -2"><span class='ocrx_word' id='word_1_1' title='bbox 615 193 706 264; x_wconf 74' lang='lat'>26</span> <span class='ocrx_word' id='word_1_2' title='bbox 1765 203 1906 264; x_wconf 76' lang='lat' dir='ltr'>Lib.</span> <span class='ocrx_word' id='word_1_3' title='bbox 1959 199 2206 265; x_wconf 86' lang='lat' dir='ltr'><strong><em>XXIII.</em></strong></span> <span class='ocrx_word' id='word_1_4' title='bbox 2263 201 2394 265; x_wconf 77' lang='lat' dir='ltr'>Tie·.</span> <span class='ocrx_word' id='word_1_5' title='bbox 2445 199 2531 261; x_wconf 89' lang='lat'>11.</span> 
     </span>
    </p>
   </div>
   <div class='ocr_carea' id='block_1_2' title="bbox 511 257 3891 432">
    <p class='ocr_par' dir='ltr' id='par_1_2' title="bbox 511 257 3891 432">
     <span class='ocr_line' id='line_1_2' title="bbox 517 257 3891 363; baseline -0.003 -13"><span class='ocrx_word' id='word_1_6' title='bbox 517 290 616 350; x_wconf 81' lang='lat' dir='ltr'>vol.</span> <span class='ocrx_word' id='word_1_7' title='bbox 642 304 694 344; x_wconf 87' lang='grc'>2.</span> <span class='ocrx_word' id='word_1_8' title='bbox 729 287 913 356; x_wconf 80' lang='lat' dir='ltr'><em>placit.</em></span> <span class='ocrx_word' id='word_1_9' title='bbox 951 287 1092 346; x_wconf 84' lang='lat' dir='ltr'>Holl.</span> <span class='ocrx_word' id='word_1_10' title='bbox 1113 305 1225 363; x_wconf 72' lang='lat' dir='ltr'>pag.</span> <span class='ocrx_word' id='word_1_11' title='bbox 1249 288 1411 359; x_wconf 84' lang='grc'><strong><em>2444.</em></strong></span> <span class='ocrx_word' id='word_1_12' title='bbox 1448 288 1573 349; x_wconf 88' lang='lat' dir='ltr'>licet</span> <span class='ocrx_word' id='word_1_13' title='bbox 1611 290 1855 360; x_wconf 87' lang='lat' dir='ltr'>primitus</span> <span class='ocrx_word' id='word_1_14' title='bbox 1887 307 1954 348; x_wconf 76' lang='lat' dir='ltr'>ex</span> <span class='ocrx_word' id='word_1_15' title='bbox 1990 303 2147 359; x_wconf 87' lang='lat' dir='ltr'>raptu</span> <span class='ocrx_word' id='word_1_16' title='bbox 2201 291 2294 347; x_wconf 86' lang='lat' dir='ltr'>sed</span> <span class='ocrx_word' id='word_1_17' title='bbox 2329 289 2520 348; x_wconf 88' lang='lat' dir='ltr'>mulier</span> <span class='ocrx_word' id='word_1_18' title='bbox 2555 299 2680 346; x_wconf 86' lang='lat' dir='ltr'>cum</span> <span class='ocrx_word' id='word_1_19' title='bbox 2716 282 2830 346; x_wconf 72' lang='lat' dir='ltr'>alio</span> <span class='ocrx_word' id='word_1_20' title='bbox 2865 257 2923 341; x_wconf 87' lang='lat' dir='ltr'>in</span> <span class='ocrx_word' id='word_1_21' title='bbox 2967 283 3051 344; x_wconf 86' lang='lat' dir='ltr'>sui</span> <span class='ocrx_word' id='word_1_22' title='bbox 3090 284 3191 343; x_wconf 81' lang='lat' dir='ltr'>viri</span> <span class='ocrx_word' id='word_1_23' title='bbox 3227 299 3410 342; x_wconf 85' lang='lat' dir='ltr'>necem</span> <span class='ocrx_word' id='word_1_24' title='bbox 3434 271 3821 360; x_wconf 78' lang='lat' dir='ltr'>conspiraverit,</span> <span class='ocrx_word' id='word_1_25' title='bbox 3888 303 3891 338; x_wconf 48' lang='lat' dir='ltr'>i</span> 
     </span>
     <span class='ocr_line' id='line_1_3' title="bbox 511 354 3891 432; baseline -0.001 -16"><span class='ocrx_word' id='word_1_26' title='bbox 511 360 810 418; x_wconf 78' lang='lat' dir='ltr'>surrexerit</span> <span class='ocrx_word' id='word_1_27' title='bbox 845 376 1045 417; x_wconf 87' lang='lat' dir='ltr'>nomen</span> <span class='ocrx_word' id='word_1_28' title='bbox 1081 359 1411 431; x_wconf 84' lang='lat' dir='ltr'>Romanum,</span> <span class='ocrx_word' id='word_1_29' title='bbox 1443 362 1574 420; x_wconf 88' lang='lat' dir='ltr'>dum</span> <span class='ocrx_word' id='word_1_30' title='bbox 1613 374 1771 430; x_wconf 75' lang='lat' dir='ltr'>rapta:</span> <span class='ocrx_word' id='word_1_31' title='bbox 1807 380 1841 418; x_wconf 87' lang='lat' dir='ltr'>a</span> <span class='ocrx_word' id='word_1_32' title='bbox 1877 358 2147 419; x_wconf 76' lang='lat' dir='ltr'><strong>Humanis</strong></span> <span class='ocrx_word' id='word_1_33' title='bbox 2198 378 2268 418; x_wconf 79' lang='lat' dir='ltr'>ex</span> <span class='ocrx_word' id='word_1_34' title='bbox 2305 358 2421 432; x_wconf 87' lang='lat' dir='ltr'>lege</span> <span class='ocrx_word' id='word_1_35' title='bbox 2442 354 2927 429; x_wconf 85' lang='lat' dir='ltr'>quidemCornelia</span> <span class='ocrx_word' id='word_1_36' title='bbox 2945 354 3145 414; x_wconf 86' lang='lat' dir='ltr'>ultimo</span> <span class='ocrx_word' id='word_1_37' title='bbox 3162 354 3421 426; x_wconf 89' lang='lat' dir='ltr'>supplicio</span> <span class='ocrx_word' id='word_1_38' title='bbox 3438 354 3824 425; x_wconf 55' lang='lat' dir='ltr'>plectendum</span> <span class='ocrx_word' id='word_1_39' title='bbox 3890 379 3891 388; x_wconf 52' lang='lat'>¹</span> 
     </span>
    </p>
   </div>
   <div class='ocr_carea' id='block_1_3' title="bbox 507 425 3895 572">
    <p class='ocr_par' dir='ltr' id='par_1_3' title="bbox 507 425 3895 572">
     <span class='ocr_line' id='line_1_4' title="bbox 507 425 3893 505; baseline 0.001 -20"><span class='ocrx_word' id='word_1_40' title='bbox 507 425 771 496; x_wconf 78' lang='lat' dir='ltr'>Sabinae3</span> <span class='ocrx_word' id='word_1_41' title='bbox 810 429 867 483; x_wconf 89' lang='lat' dir='ltr'>in</span> <span class='ocrx_word' id='word_1_42' title='bbox 903 427 1054 500; x_wconf 67' lang='lat' dir='ltr'>cuius</span> <span class='ocrx_word' id='word_1_43' title='bbox 1089 433 1257 487; x_wconf 87' lang='lat' dir='ltr'>etiam</span> <span class='ocrx_word' id='word_1_44' title='bbox 1294 434 1607 489; x_wconf 82' lang='lat' dir='ltr'><strong>memoriam</strong></span> <span class='ocrx_word' id='word_1_45' title='bbox 1643 434 1846 504; x_wconf 83' lang='lat' dir='ltr'>mansit</span> <span class='ocrx_word' id='word_1_46' title='bbox 1879 433 2023 502; x_wconf 81' lang='lat' dir='ltr'>apud</span> <span class='ocrx_word' id='word_1_47' title='bbox 2057 450 2145 488; x_wconf 89' lang='lat' dir='ltr'>eos</span> <span class='ocrx_word' id='word_1_48' title='bbox 2198 430 2289 488; x_wconf 80' lang='lat' dir='ltr'>sed</span> <span class='ocrx_word' id='word_1_49' title='bbox 2326 434 2374 487; x_wconf 91' lang='lat' dir='ltr'>si</span> <span class='ocrx_word' id='word_1_50' title='bbox 2407 446 2723 503; x_wconf 79' lang='lat' dir='ltr'>quocunque</span> <span class='ocrx_word' id='word_1_51' title='bbox 2776 425 2940 485; x_wconf 85' lang='lat' dir='ltr'>modo</span> <span class='ocrx_word' id='word_1_52' title='bbox 2974 441 3187 505; x_wconf 57' lang='lat' dir='ltr'>man]</span> <span class='ocrx_word' id='word_1_53' title='bbox 3241 426 3530 496; x_wconf 75' lang='lat' dir='ltr'>capitalem</span> <span class='ocrx_word' id='word_1_54' title='bbox 3566 428 3817 497; x_wconf 76' lang='lat' dir='ltr'>evaserit,</span> <span class='ocrx_word' id='word_1_55' title='bbox 3892 427 3893 488; x_wconf 75' lang='lat' dir='ltr'>j</span> 
     </span>
     <span class='ocr_line' id='line_1_5' title="bbox 511 495 3895 572; baseline 0 -20"><span class='ocrx_word' id='word_1_56' title='bbox 511 500 660 556; x_wconf 88' lang='lat' dir='ltr'>inter</span> <span class='ocrx_word' id='word_1_57' title='bbox 696 499 960 555; x_wconf 87' lang='lat' dir='ltr'>solemnia</span> <span class='ocrx_word' id='word_1_58' title='bbox 1000 503 1309 569; x_wconf 77' lang='lat' dir='ltr'>nuptiarum</span> <span class='ocrx_word' id='word_1_59' title='bbox 1344 513 1505 572; x_wconf 86' lang='lat' dir='ltr'>atque</span> <span class='ocrx_word' id='word_1_60' title='bbox 1537 504 1883 561; x_wconf 62' lang='lat' dir='ltr'>ceremonias</span> <span class='ocrx_word' id='word_1_61' title='bbox 1919 502 2141 561; x_wconf 86' lang='lat' dir='ltr'>simula·</span> <span class='ocrx_word' id='word_1_62' title='bbox 2200 501 2613 560; x_wconf 79' lang='lat' dir='ltr'><strong>matrimonium</strong></span> <span class='ocrx_word' id='word_1_63' title='bbox 2676 501 2821 555; x_wconf 84' lang='lat' dir='ltr'>inter</span> <span class='ocrx_word' id='word_1_64' title='bbox 2875 495 3009 555; x_wconf 85' lang='lat' dir='ltr'>tales</span> <span class='ocrx_word' id='word_1_65' title='bbox 3059 510 3432 565; x_wconf 64' lang='lat' dir='ltr'>conjuratores</span> <span class='ocrx_word' id='word_1_66' title='bbox 3487 514 3653 567; x_wconf 86' lang='lat' dir='ltr'>usque</span> <span class='ocrx_word' id='word_1_67' title='bbox 3703 498 3819 553; x_wconf 85' lang='lat' dir='ltr'>adeo</span> <span class='ocrx_word' id='word_1_68' title='bbox 3894 551 3895 558; x_wconf 71' lang='grc'>,</span> 
     </span>
    </p>
   </div>
   <div class='ocr_carea' id='block_1_4' title="bbox 502 565 3819 862">
    <p class='ocr_par' dir='ltr' id='par_1_4' title="bbox 502 565 3819 862">
     <span class='ocr_line' id='line_1_6' title="bbox 509 565 3819 643; baseline -0.002 -15"><span class='ocrx_word' id='word_1_69' title='bbox 509 582 603 628; x_wconf 75' lang='grc' dir='ltr'>ωε</span> <span class='ocrx_word' id='word_1_70' title='bbox 637 569 857 636; x_wconf 87' lang='lat' dir='ltr'>quidam</span> <span class='ocrx_word' id='word_1_71' title='bbox 892 586 1208 637; x_wconf 88' lang='lat' dir='ltr'>sponsarum</span> <span class='ocrx_word' id='word_1_72' title='bbox 1245 583 1428 640; x_wconf 87' lang='lat' dir='ltr'>raptus</span> <span class='ocrx_word' id='word_1_73' title='bbox 1449 613 1465 642; x_wconf 90' lang='lat'>‚</span> <span class='ocrx_word' id='word_1_74' title='bbox 1500 573 1565 633; x_wconf 89' lang='lat' dir='ltr'>de</span> <span class='ocrx_word' id='word_1_75' title='bbox 1597 576 1707 643; x_wconf 84' lang='lat' dir='ltr'>quo&#39;</span> <span class='ocrx_word' id='word_1_76' title='bbox 1739 572 2036 632; x_wconf 77' lang='lat' dir='ltr'>Raevardus</span> <span class='ocrx_word' id='word_1_77' title='bbox 2071 569 2153 626; x_wconf 85' lang='lat' dir='ltr'>ad</span> <span class='ocrx_word' id='word_1_78' title='bbox 2199 570 2484 628; x_wconf 87' lang='lat' dir='ltr'>damnavit</span> <span class='ocrx_word' id='word_1_79' title='bbox 2523 567 2603 639; x_wconf 76' lang='lat' dir='ltr'>ius</span> <span class='ocrx_word' id='word_1_80' title='bbox 2638 568 3012 636; x_wconf 75' lang='lat' dir='ltr'>canonicum,</span> <span class='ocrx_word' id='word_1_81' title='bbox 3045 579 3128 637; x_wconf 86' lang='lat' dir='ltr'>ut,</span> <span class='ocrx_word' id='word_1_82' title='bbox 3162 567 3207 624; x_wconf 88' lang='lat' dir='ltr'>si</span> <span class='ocrx_word' id='word_1_83' title='bbox 3246 567 3441 625; x_wconf 86' lang='lat' dir='ltr'>mulier</span> <span class='ocrx_word' id='word_1_84' title='bbox 3474 585 3598 624; x_wconf 88' lang='lat' dir='ltr'>cum</span> <span class='ocrx_word' id='word_1_85' title='bbox 3637 565 3819 626; x_wconf 79' lang='lat' dir='ltr'>infideli</span> 
     </span>
     <span class='ocr_line' id='line_1_7' title="bbox 502 631 3819 721; baseline -0 -28"><span class='ocrx_word' id='word_1_86' title='bbox 502 639 539 693; x_wconf 91' lang='lat' dir='ltr'>l.</span> <span class='ocrx_word' id='word_1_87' title='bbox 576 631 731 694; x_wconf 77' lang='lat' dir='ltr'>duod.</span> <span class='ocrx_word' id='word_1_88' title='bbox 770 638 937 696; x_wconf 81' lang='lat' dir='ltr'>tabul.</span> <span class='ocrx_word' id='word_1_89' title='bbox 976 656 1087 708; x_wconf 81' lang='lat' dir='ltr'>cap.</span> <span class='ocrx_word' id='word_1_90' title='bbox 1113 658 1196 697; x_wconf 80' lang='lat'>21.</span> <span class='ocrx_word' id='word_1_91' title='bbox 1241 646 1298 697; x_wconf 77' lang='lat' dir='ltr'>in</span> <span class='ocrx_word' id='word_1_92' title='bbox 1331 658 1405 710; x_wconf 73' lang='lat' dir='ltr'>pr.</span> <span class='ocrx_word' id='word_1_93' title='bbox 1445 641 1509 700; x_wconf 90' lang='lat' dir='ltr'>Si</span> <span class='ocrx_word' id='word_1_94' title='bbox 1550 655 1733 701; x_wconf 88' lang='lat' dir='ltr'>tamen</span> <span class='ocrx_word' id='word_1_95' title='bbox 1772 644 2140 712; x_wconf 79' lang='lat' dir='ltr'>impetraverit</span> <span class='ocrx_word' id='word_1_96' title='bbox 2201 642 2278 697; x_wconf 88' lang='lat' dir='ltr'>ita</span> <span class='ocrx_word' id='word_1_97' title='bbox 2315 641 2669 710; x_wconf 64' lang='lat' dir='ltr'>conspirasset</span> <span class='ocrx_word' id='word_1_98' title='bbox 2691 680 2709 710; x_wconf 89' lang='lat'>,</span> <span class='ocrx_word' id='word_1_99' title='bbox 2764 653 2989 710; x_wconf 89' lang='lat' dir='ltr'>eumque</span> <span class='ocrx_word' id='word_1_100' title='bbox 3032 637 3285 704; x_wconf 83' lang='lat' dir='ltr'>deinceps</span> <span class='ocrx_word' id='word_1_101' title='bbox 3337 637 3407 721; x_wconf 74' lang='lat' dir='ltr'>ad</span> <span class='ocrx_word' id='word_1_102' title='bbox 3461 636 3819 696; x_wconf 82' lang='lat' dir='ltr'>Christianam</span> 
     </span>
     <span class='ocr_line' id='line_1_8' title="bbox 503 706 3819 792; baseline -0.001 -28"><span class='ocrx_word' id='word_1_103' title='bbox 503 722 688 778; x_wconf 86' lang='lat' dir='ltr'>raptor</span> <span class='ocrx_word' id='word_1_104' title='bbox 723 727 755 764; x_wconf 87' lang='lat' dir='ltr'>a</span> <span class='ocrx_word' id='word_1_105' title='bbox 795 707 1039 777; x_wconf 79' lang='lat' dir='ltr'>Principe</span> <span class='ocrx_word' id='word_1_106' title='bbox 1078 710 1265 770; x_wconf 71' lang='lat' dir='ltr'>deliffl</span> <span class='ocrx_word' id='word_1_107' title='bbox 1300 716 1534 783; x_wconf 88' lang='lat' dir='ltr'>veniam,</span> <span class='ocrx_word' id='word_1_108' title='bbox 1567 726 1726 786; x_wconf 86' lang='lat' dir='ltr'>atque</span> <span class='ocrx_word' id='word_1_109' title='bbox 1762 718 1840 768; x_wconf 88' lang='lat' dir='ltr'>ita</span> <span class='ocrx_word' id='word_1_110' title='bbox 1876 710 2141 768; x_wconf 84' lang='lat' dir='ltr'>abolitum</span> <span class='ocrx_word' id='word_1_111' title='bbox 2196 713 2558 769; x_wconf 82' lang='lat' dir='ltr'>convertisset</span> <span class='ocrx_word' id='word_1_112' title='bbox 2597 708 2792 778; x_wconf 81' lang='lat' dir='ltr'>fidem,</span> <span class='ocrx_word' id='word_1_113' title='bbox 2851 727 2921 766; x_wconf 90' lang='lat' dir='ltr'>ne</span> <span class='ocrx_word' id='word_1_114' title='bbox 2955 720 3074 764; x_wconf 83' lang='lat' dir='ltr'>tum</span> <span class='ocrx_word' id='word_1_115' title='bbox 3112 709 3328 778; x_wconf 81' lang='lat' dir='ltr'>quidem</span> <span class='ocrx_word' id='word_1_116' title='bbox 3382 706 3518 765; x_wconf 76' lang='lat' dir='ltr'>illud</span> <span class='ocrx_word' id='word_1_117' title='bbox 3573 710 3819 792; x_wconf 72' lang='lat' dir='ltr'>censuerit</span> 
     </span>
     <span class='ocr_line' id='line_1_9' title="bbox 506 776 3819 862; baseline -0 -28"><span class='ocrx_word' id='word_1_118' title='bbox 506 779 587 834; x_wconf 88' lang='lat' dir='ltr'>sit</span> <span class='ocrx_word' id='word_1_119' title='bbox 623 781 805 862; x_wconf 72' lang='lat' dir='ltr'>raptus</span> <span class='ocrx_word' id='word_1_120' title='bbox 838 786 1066 849; x_wconf 84' lang='lat' dir='ltr'>crimen,</span> <span class='ocrx_word' id='word_1_121' title='bbox 1100 800 1251 848; x_wconf 85' lang='lat' dir='ltr'>posse</span> <span class='ocrx_word' id='word_1_122' title='bbox 1283 798 1409 840; x_wconf 90' lang='lat' dir='ltr'>eum</span> <span class='ocrx_word' id='word_1_123' title='bbox 1443 800 1567 840; x_wconf 86' lang='lat' dir='ltr'>cum</span> <span class='ocrx_word' id='word_1_124' title='bbox 1603 794 1756 851; x_wconf 87' lang='lat' dir='ltr'>rapta</span> <span class='ocrx_word' id='word_1_125' title='bbox 1789 786 2143 839; x_wconf 87' lang='lat' dir='ltr'>matrimonio</span> <span class='ocrx_word' id='word_1_126' title='bbox 2198 780 2658 852; x_wconf 83' lang='lat' dir='ltr'>comprobandum</span> <span class='ocrx_word' id='word_1_127' title='bbox 2691 797 2842 849; x_wconf 85' lang='lat' dir='ltr'>esse,</span> <span class='ocrx_word' id='word_1_128' title='bbox 2891 795 2958 837; x_wconf 92' lang='lat' dir='ltr'>eo</span> <span class='ocrx_word' id='word_1_129' title='bbox 2991 776 3131 847; x_wconf 87' lang='lat' dir='ltr'>quod</span> <span class='ocrx_word' id='word_1_130' title='bbox 3167 777 3277 834; x_wconf 81' lang='lat' dir='ltr'>tale</span> <span class='ocrx_word' id='word_1_131' title='bbox 3311 778 3571 836; x_wconf 86' lang='lat' dir='ltr'>damnum</span> <span class='ocrx_word' id='word_1_132' title='bbox 3618 776 3719 834; x_wconf 77' lang='lat' dir='ltr'>tali</span> <span class='ocrx_word' id='word_1_133' title='bbox 3751 779 3819 836; x_wconf 88' lang='lat' dir='ltr'>lu·</span> 
     </span>
    </p>
   </div>
   <div class='ocr_carea' id='block_1_5' title="bbox 504 845 3899 927">
    <p class='ocr_par' dir='ltr' id='par_1_5' title="bbox 504 845 3899 927">
     <span class='ocr_line' id='line_1_10' title="bbox 504 845 3899 927; baseline 0 -26"><span class='ocrx_word' id='word_1_134' title='bbox 504 847 764 918; x_wconf 74' lang='lat' dir='ltr'>copulari,</span> <span class='ocrx_word' id='word_1_135' title='bbox 802 866 947 905; x_wconf 84' lang='lat' dir='ltr'>nunc</span> <span class='ocrx_word' id='word_1_136' title='bbox 987 854 1158 924; x_wconf 86' lang='lat' dir='ltr'>magis</span> <span class='ocrx_word' id='word_1_137' title='bbox 1195 851 1410 923; x_wconf 88' lang='lat' dir='ltr'>placet,</span> <span class='ocrx_word' id='word_1_138' title='bbox 1445 856 1598 927; x_wconf 81' lang='lat' dir='ltr'>quasi</span> <span class='ocrx_word' id='word_1_139' title='bbox 1632 850 1850 911; x_wconf 88' lang='lat' dir='ltr'>sublato</span> <span class='ocrx_word' id='word_1_140' title='bbox 1885 871 1975 922; x_wconf 88' lang='lat' dir='ltr'>per</span> <span class='ocrx_word' id='word_1_141' title='bbox 2010 852 2141 908; x_wconf 84' lang='lat' dir='ltr'>abo·</span> <span class='ocrx_word' id='word_1_142' title='bbox 2200 868 2295 906; x_wconf 91' lang='lat' dir='ltr'>cro</span> <span class='ocrx_word' id='word_1_143' title='bbox 2329 867 2674 921; x_wconf 82' lang='lat' dir='ltr'>compensare</span> <span class='ocrx_word' id='word_1_144' title='bbox 2713 847 2957 908; x_wconf 79' lang='lat' dir='ltr'>Ecclesia</span> <span class='ocrx_word' id='word_1_145' title='bbox 2996 864 3109 904; x_wconf 88' lang='lat' dir='ltr'>non</span> <span class='ocrx_word' id='word_1_146' title='bbox 3146 845 3266 904; x_wconf 82' lang='lat' dir='ltr'>vult</span> <span class='ocrx_word' id='word_1_147' title='bbox 3288 888 3305 917; x_wconf 92' lang='lat'>,</span> <span class='ocrx_word' id='word_1_148' title='bbox 3341 863 3452 920; x_wconf 80' lang='lat' dir='ltr'>cap.</span> <span class='ocrx_word' id='word_1_149' title='bbox 3500 866 3541 904; x_wconf 86' lang='lat'>1.</span> <span class='ocrx_word' id='word_1_150' title='bbox 3582 865 3732 904; x_wconf 70' lang='lat' dir='ltr'>extra</span> <span class='ocrx_word' id='word_1_151' title='bbox 3765 848 3822 902; x_wconf 75' lang='lat' dir='ltr'>de</span> <span class='ocrx_word' id='word_1_152' title='bbox 3898 905 3899 910; x_wconf 8' lang='grc' dir='ltr'>χ</span> 
     </span>
    </p>
   </div>
   <div class='ocr_carea' id='block_1_6' title="bbox 507 916 2876 998">
    <p class='ocr_par' dir='ltr' id='par_1_6' title="bbox 507 916 2876 998">
     <span class='ocr_line' id='line_1_11' title="bbox 507 916 2876 998; baseline 0.001 -26"><span class='ocrx_word' id='word_1_153' title='bbox 507 916 754 998; x_wconf 77' lang='lat' dir='ltr'>litionem</span> <span class='ocrx_word' id='word_1_154' title='bbox 793 920 1184 988; x_wconf 86' lang='lat' dir='ltr'>impedimento</span> <span class='ocrx_word' id='word_1_155' title='bbox 1221 929 1567 991; x_wconf 76' lang='lat' dir='ltr'>nuptiarum5</span> <span class='ocrx_word' id='word_1_156' title='bbox 1619 924 1776 992; x_wconf 90' lang='lat' dir='ltr'>idque</span> <span class='ocrx_word' id='word_1_157' title='bbox 1810 923 2143 982; x_wconf 82' lang='lat' dir='ltr'>convenien-</span> <span class='ocrx_word' id='word_1_158' title='bbox 2198 925 2526 978; x_wconf 64' lang='lat' dir='ltr'>consertione</span> <span class='ocrx_word' id='word_1_159' title='bbox 2560 918 2876 992; x_wconf 77' lang='lat' dir='ltr'>infidelium.</span> 
     </span>
    </p>
   </div>
   <div class='ocr_carea' id='block_1_7' title="bbox 504 983 3903 1146">
    <p class='ocr_par' dir='ltr' id='par_1_7' title="bbox 504 983 3903 1146">
     <span class='ocr_line' id='line_1_12' title="bbox 506 983 3901 1061; baseline -0.002 -15"><span class='ocrx_word' id='word_1_160' title='bbox 506 1000 591 1045; x_wconf 90' lang='lat' dir='ltr'>ter</span> <span class='ocrx_word' id='word_1_161' title='bbox 648 1004 761 1057; x_wconf 81' lang='lat' dir='ltr'>Jure</span> <span class='ocrx_word' id='word_1_162' title='bbox 798 990 1121 1059; x_wconf 85' lang='lat' dir='ltr'>Canonico,</span> <span class='ocrx_word' id='word_1_163' title='bbox 1177 1007 1289 1060; x_wconf 83' lang='lat' dir='ltr'>cap.</span> <span class='ocrx_word' id='word_1_164' title='bbox 1347 996 1446 1050; x_wconf 80' lang='lat' dir='ltr'>ult.</span> <span class='ocrx_word' id='word_1_165' title='bbox 1502 1008 1652 1050; x_wconf 80' lang='lat' dir='ltr'>extra</span> <span class='ocrx_word' id='word_1_166' title='bbox 1705 991 1768 1048; x_wconf 85' lang='lat' dir='ltr'>de</span> <span class='ocrx_word' id='word_1_167' title='bbox 1821 991 2138 1061; x_wconf 73' lang='lat' dir='ltr'><em>raptoribus.</em></span> <span class='ocrx_word' id='word_1_168' title='bbox 2270 988 2353 1046; x_wconf 77' lang='lat'>28.</span> <span class='ocrx_word' id='word_1_169' title='bbox 2391 989 2750 1061; x_wconf 77' lang='lat' dir='ltr'>Lepi-osorum</span> <span class='ocrx_word' id='word_1_170' title='bbox 2782 985 3033 1061; x_wconf 73' lang='lat' dir='ltr'>coniugia</span> <span class='ocrx_word' id='word_1_171' title='bbox 3069 986 3152 1044; x_wconf 88' lang='lat' dir='ltr'>uti</span> <span class='ocrx_word' id='word_1_172' title='bbox 3194 983 3281 1057; x_wconf 74' lang='lat' dir='ltr'>jus</span> <span class='ocrx_word' id='word_1_173' title='bbox 3307 986 3466 1049; x_wconf 77' lang='lat' dir='ltr'>civile</span> <span class='ocrx_word' id='word_1_174' title='bbox 3505 1004 3615 1043; x_wconf 90' lang='lat' dir='ltr'>non</span> <span class='ocrx_word' id='word_1_175' title='bbox 3654 983 3822 1059; x_wconf 85' lang='lat' dir='ltr'>prohi-</span> <span class='ocrx_word' id='word_1_176' title='bbox 3900 1009 3901 1014; x_wconf 42' lang='lat'>¹</span> 
     </span>
     <span class='ocr_line' id='line_1_13' title="bbox 504 1058 3903 1146; baseline -0 -32"><span class='ocrx_word' id='word_1_177' title='bbox 504 1059 662 1141; x_wconf 60' lang='lat' dir='ltr'>Quin</span> <span class='ocrx_word' id='word_1_178' title='bbox 700 1063 849 1130; x_wconf 87' lang='lat' dir='ltr'>imo,</span> <span class='ocrx_word' id='word_1_179' title='bbox 885 1060 972 1128; x_wconf 90' lang='lat' dir='ltr'>si,</span> <span class='ocrx_word' id='word_1_180' title='bbox 1010 1061 1254 1116; x_wconf 89' lang='lat' dir='ltr'>nondum</span> <span class='ocrx_word' id='word_1_181' title='bbox 1294 1063 1583 1133; x_wconf 73' lang='lat' dir='ltr'>impetrata</span> <span class='ocrx_word' id='word_1_182' title='bbox 1620 1061 1923 1120; x_wconf 83' lang='lat' dir='ltr'>abolitione</span> <span class='ocrx_word' id='word_1_183' title='bbox 1954 1064 2140 1119; x_wconf 83' lang='lat' dir='ltr'>crimi-</span> <span class='ocrx_word' id='word_1_184' title='bbox 2203 1059 2340 1130; x_wconf 82' lang='lat' dir='ltr'>buit,</span> <span class='ocrx_word' id='word_1_185' title='bbox 2378 1062 2454 1117; x_wconf 89' lang='lat' dir='ltr'>ita</span> <span class='ocrx_word' id='word_1_186' title='bbox 2490 1064 2545 1121; x_wconf 66' lang='grc' dir='ltr'>ἃ</span> <span class='ocrx_word' id='word_1_187' title='bbox 2566 1058 3007 1128; x_wconf 80' lang='lat' dir='ltr'>jusCanonicum</span> <span class='ocrx_word' id='word_1_188' title='bbox 3044 1059 3302 1129; x_wconf 85' lang='lat' dir='ltr'>permisit,</span> <span class='ocrx_word' id='word_1_189' title='bbox 3341 1076 3452 1115; x_wconf 92' lang='lat' dir='ltr'>non</span> <span class='ocrx_word' id='word_1_190' title='bbox 3492 1059 3657 1116; x_wconf 88' lang='lat' dir='ltr'>modo</span> <span class='ocrx_word' id='word_1_191' title='bbox 3694 1059 3820 1116; x_wconf 86' lang='lat' dir='ltr'>inter</span> <span class='ocrx_word' id='word_1_192' title='bbox 3902 1123 3903 1146; x_wconf 19' lang='grc' dir='ltr'><strong>ἶ</strong></span> 
     </span>
    </p>
   </div>
   <div class='ocr_carea' id='block_1_8' title="bbox 475 1128 3822 1203">
    <p class='ocr_par' dir='ltr' id='par_1_8' title="bbox 475 1128 3822 1203">
     <span class='ocr_line' id='line_1_14' title="bbox 475 1128 3822 1203; baseline 0.001 -23"><span class='ocrx_word' id='word_1_193' title='bbox 475 1145 605 1200; x_wconf 71' lang='lat' dir='ltr'>nis,</span> <span class='ocrx_word' id='word_1_194' title='bbox 646 1139 797 1196; x_wconf 85' lang='lat' dir='ltr'>rapta</span> <span class='ocrx_word' id='word_1_195' title='bbox 834 1143 1031 1196; x_wconf 86' lang='lat' dir='ltr'>sponte</span> <span class='ocrx_word' id='word_1_196' title='bbox 1068 1135 1401 1190; x_wconf 85' lang='lat' dir='ltr'>consenserit</span> <span class='ocrx_word' id='word_1_197' title='bbox 1439 1135 1498 1189; x_wconf 90' lang='lat' dir='ltr'>in</span> <span class='ocrx_word' id='word_1_198' title='bbox 1537 1135 1758 1203; x_wconf 83' lang='lat' dir='ltr'>nuptias</span> <span class='ocrx_word' id='word_1_199' title='bbox 1792 1151 1917 1189; x_wconf 89' lang='lat' dir='ltr'>cum</span> <span class='ocrx_word' id='word_1_200' title='bbox 1957 1144 2140 1202; x_wconf 86' lang='lat' dir='ltr'>rapto-</span> <span class='ocrx_word' id='word_1_201' title='bbox 2199 1129 2466 1198; x_wconf 88' lang='lat' dir='ltr'>leprosum</span> <span class='ocrx_word' id='word_1_202' title='bbox 2501 1135 2558 1191; x_wconf 72' lang='grc' dir='ltr'>δε</span> <span class='ocrx_word' id='word_1_203' title='bbox 2594 1129 2895 1201; x_wconf 83' lang='lat' dir='ltr'>leprosam,</span> <span class='ocrx_word' id='word_1_204' title='bbox 2949 1129 3041 1186; x_wconf 86' lang='lat' dir='ltr'>sed</span> <span class='ocrx_word' id='word_1_205' title='bbox 3078 1129 3134 1186; x_wconf 75' lang='grc' dir='ltr'>δε</span> <span class='ocrx_word' id='word_1_206' title='bbox 3173 1130 3315 1184; x_wconf 87' lang='lat' dir='ltr'>inter</span> <span class='ocrx_word' id='word_1_207' title='bbox 3354 1128 3622 1198; x_wconf 86' lang='lat' dir='ltr'>leprosum</span> <span class='ocrx_word' id='word_1_208' title='bbox 3655 1143 3717 1184; x_wconf 81' lang='lat' dir='ltr'>ac</span> <span class='ocrx_word' id='word_1_209' title='bbox 3748 1144 3822 1184; x_wconf 80' lang='lat' dir='ltr'>sa-</span> 
     </span>
    </p>
   </div>
   <div class='ocr_carea' id='block_1_9' title="bbox 500 1196 3905 1274">
    <p class='ocr_par' dir='ltr' id='par_1_9' title="bbox 500 1196 3905 1274">
     <span class='ocr_line' id='line_1_15' title="bbox 500 1196 3905 1274; baseline 0.001 -22"><span class='ocrx_word' id='word_1_210' title='bbox 500 1217 596 1268; x_wconf 88' lang='lat' dir='ltr'>re,</span> <span class='ocrx_word' id='word_1_211' title='bbox 654 1196 756 1253; x_wconf 90' lang='lat' dir='ltr'>hoc</span> <span class='ocrx_word' id='word_1_212' title='bbox 796 1204 908 1269; x_wconf 90' lang='lat' dir='ltr'>ipso</span> <span class='ocrx_word' id='word_1_213' title='bbox 944 1212 1131 1269; x_wconf 86' lang='lat' dir='ltr'>raptus</span> <span class='ocrx_word' id='word_1_214' title='bbox 1177 1203 1385 1262; x_wconf 84' lang='lat' dir='ltr'>crimen</span> <span class='ocrx_word' id='word_1_215' title='bbox 1438 1218 1774 1272; x_wconf 81' lang='lat' dir='ltr'>summopere</span> <span class='ocrx_word' id='word_1_216' title='bbox 1824 1209 2142 1274; x_wconf 83' lang='lat' dir='ltr'>extenuari,</span> <span class='ocrx_word' id='word_1_217' title='bbox 2201 1218 2367 1270; x_wconf 89' lang='lat' dir='ltr'>nam,</span> <span class='ocrx_word' id='word_1_218' title='bbox 2427 1213 2523 1260; x_wconf 86' lang='lat' dir='ltr'>aut</span> <span class='ocrx_word' id='word_1_219' title='bbox 2558 1201 2676 1258; x_wconf 89' lang='lat' dir='ltr'>vice</span> <span class='ocrx_word' id='word_1_220' title='bbox 2713 1218 2902 1269; x_wconf 84' lang='lat' dir='ltr'>versa,</span> <span class='ocrx_word' id='word_1_221' title='bbox 2947 1200 2994 1254; x_wconf 89' lang='lat' dir='ltr'>si</span> <span class='ocrx_word' id='word_1_222' title='bbox 3027 1200 3146 1270; x_wconf 85' lang='lat' dir='ltr'>quis</span> <span class='ocrx_word' id='word_1_223' title='bbox 3180 1215 3342 1255; x_wconf 86' lang='lat' dir='ltr'>sanus</span> <span class='ocrx_word' id='word_1_224' title='bbox 3379 1213 3472 1255; x_wconf 90' lang='lat' dir='ltr'>aut</span> <span class='ocrx_word' id='word_1_225' title='bbox 3510 1215 3646 1256; x_wconf 88' lang='lat' dir='ltr'>sana</span> <span class='ocrx_word' id='word_1_226' title='bbox 3685 1201 3821 1257; x_wconf 78' lang='lat' dir='ltr'>inve-</span> <span class='ocrx_word' id='word_1_227' title='bbox 3904 1223 3905 1226; x_wconf 40' lang='lat'>¹</span> 
     </span>
    </p>
   </div>
   <div class='ocr_carea' id='block_1_10' title="bbox 464 1265 3825 4854">
    <p class='ocr_par' dir='ltr' id='par_1_10' title="bbox 464 1265 3825 4854">
     <span class='ocr_line' id='line_1_16' title="bbox 497 1265 3824 1345; baseline 0.006 -24"><span class='ocrx_word' id='word_1_228' title='bbox 497 1274 789 1335; x_wconf 61' lang='lat' dir='ltr'>presertim</span> <span class='ocrx_word' id='word_1_229' title='bbox 844 1270 890 1326; x_wconf 91' lang='lat' dir='ltr'>si</span> <span class='ocrx_word' id='word_1_230' title='bbox 929 1270 1010 1326; x_wconf 85' lang='lat' dir='ltr'>vis</span> <span class='ocrx_word' id='word_1_231' title='bbox 1044 1268 1262 1339; x_wconf 85' lang='lat' dir='ltr'>publica</span> <span class='ocrx_word' id='word_1_232' title='bbox 1300 1287 1516 1344; x_wconf 82' lang='lat' dir='ltr'>raptum</span> <span class='ocrx_word' id='word_1_233' title='bbox 1553 1271 1696 1332; x_wconf 85' lang='lat' dir='ltr'>haud</span> <span class='ocrx_word' id='word_1_234' title='bbox 1732 1275 1804 1328; x_wconf 91' lang='lat' dir='ltr'>sit</span> <span class='ocrx_word' id='word_1_235' title='bbox 1840 1276 2100 1330; x_wconf 86' lang='lat' dir='ltr'>comitata</span> <span class='ocrx_word' id='word_1_236' title='bbox 2124 1315 2140 1345; x_wconf 85' lang='lat'>,</span> <span class='ocrx_word' id='word_1_237' title='bbox 2198 1275 2415 1341; x_wconf 79' lang='lat' dir='ltr'>niatur,</span> <span class='ocrx_word' id='word_1_238' title='bbox 2449 1272 2540 1331; x_wconf 83' lang='lat' dir='ltr'>cui</span> <span class='ocrx_word' id='word_1_239' title='bbox 2576 1269 2698 1327; x_wconf 76' lang='lat' dir='ltr'>talis</span> <span class='ocrx_word' id='word_1_240' title='bbox 2734 1265 3050 1340; x_wconf 68' lang='lat' dir='ltr'>eoniunffio</span> <span class='ocrx_word' id='word_1_241' title='bbox 3084 1265 3257 1338; x_wconf 86' lang='lat' dir='ltr'>placet</span> <span class='ocrx_word' id='word_1_242' title='bbox 3285 1308 3302 1338; x_wconf 71' lang='lat'><em>2</em></span> <span class='ocrx_word' id='word_1_243' title='bbox 3335 1286 3449 1338; x_wconf 68' lang='grc' dir='ltr'>ΜΡ·</span> <span class='ocrx_word' id='word_1_244' title='bbox 3496 1286 3545 1325; x_wconf 84' lang='lat'>2·</span> <span class='ocrx_word' id='word_1_245' title='bbox 3585 1284 3736 1326; x_wconf 62' lang='lat'>‘157⁰</span> <span class='ocrx_word' id='word_1_246' title='bbox 3768 1271 3824 1326; x_wconf 50' lang='grc' dir='ltr'>ὦ·</span> 
     </span>
     <span class='ocr_line' id='line_1_17' title="bbox 500 1338 3821 1418; baseline 0.002 -27"><span class='ocrx_word' id='word_1_247' title='bbox 500 1354 687 1394; x_wconf 88' lang='lat' dir='ltr'>monet</span> <span class='ocrx_word' id='word_1_248' title='bbox 730 1353 847 1406; x_wconf 88' lang='lat' dir='ltr'>post</span> <span class='ocrx_word' id='word_1_249' title='bbox 884 1338 1020 1398; x_wconf 79' lang='lat' dir='ltr'>aiios</span> <span class='ocrx_word' id='word_1_250' title='bbox 1056 1339 1477 1418; x_wconf 69' lang='lat' dir='ltr'>Groeaewegen</span> <span class='ocrx_word' id='word_1_251' title='bbox 1518 1343 1601 1397; x_wconf 81' lang='lat' dir='ltr'>ad</span> <span class='ocrx_word' id='word_1_252' title='bbox 1628 1343 1664 1400; x_wconf 93' lang='grc' dir='ltr'>Ι.</span> <span class='ocrx_word' id='word_1_253' title='bbox 1687 1346 1824 1401; x_wconf 81' lang='lat' dir='ltr'>unic.</span> <span class='ocrx_word' id='word_1_254' title='bbox 1865 1344 1922 1400; x_wconf 85' lang='lat' dir='ltr'>C.</span> <span class='ocrx_word' id='word_1_255' title='bbox 1959 1343 2139 1400; x_wconf 74' lang='lat' dir='ltr'>dem-</span> <span class='ocrx_word' id='word_1_256' title='bbox 2197 1345 2435 1414; x_wconf 77' lang='lat' dir='ltr'>conjugio</span> <span class='ocrx_word' id='word_1_257' title='bbox 2468 1342 2796 1411; x_wconf 70' lang='lat' dir='ltr'>leprosorum.</span> <span class='ocrx_word' id='word_1_258' title='bbox 2854 1338 2963 1397; x_wconf 88' lang='lat' dir='ltr'>Sed</span> <span class='ocrx_word' id='word_1_259' title='bbox 3000 1358 3068 1398; x_wconf 90' lang='lat' dir='ltr'>ne</span> <span class='ocrx_word' id='word_1_260' title='bbox 3103 1344 3266 1396; x_wconf 86' lang='lat' dir='ltr'>satius</span> <span class='ocrx_word' id='word_1_261' title='bbox 3298 1352 3483 1408; x_wconf 83' lang='lat' dir='ltr'>serpat</span> <span class='ocrx_word' id='word_1_262' title='bbox 3515 1353 3679 1408; x_wconf 80' lang='lat' dir='ltr'>atque</span> <span class='ocrx_word' id='word_1_263' title='bbox 3715 1358 3821 1409; x_wconf 88' lang='lat' dir='ltr'>pro·</span> 
     </span>
     <span class='ocr_line' id='line_1_18' title="bbox 497 1406 3819 1484; baseline 0.002 -28"><span class='ocrx_word' id='word_1_264' title='bbox 497 1426 590 1478; x_wconf 74' lang='lat' dir='ltr'>pm</span> <span class='ocrx_word' id='word_1_265' title='bbox 626 1411 708 1464; x_wconf 73' lang='lat' dir='ltr'>vi,-</span> <span class='ocrx_word' id='word_1_266' title='bbox 742 1412 912 1480; x_wconf 72' lang='lat' dir='ltr'>inum,</span> <span class='ocrx_word' id='word_1_267' title='bbox 948 1431 999 1465; x_wconf 80' lang='lat' dir='ltr'>n.</span> <span class='ocrx_word' id='word_1_268' title='bbox 1039 1427 1090 1467; x_wconf 78' lang='lat'>2,</span> <span class='ocrx_word' id='word_1_269' title='bbox 1129 1407 1180 1472; x_wconf 78' lang='grc'>5,</span> <span class='ocrx_word' id='word_1_270' title='bbox 2232 1424 2419 1484; x_wconf 84' lang='lat' dir='ltr'>agetur</span> <span class='ocrx_word' id='word_1_271' title='bbox 2455 1409 2558 1467; x_wconf 86' lang='lat' dir='ltr'>hoc</span> <span class='ocrx_word' id='word_1_272' title='bbox 2592 1412 2831 1479; x_wconf 88' lang='lat' dir='ltr'>corporis</span> <span class='ocrx_word' id='word_1_273' title='bbox 2864 1408 3088 1478; x_wconf 86' lang='lat' dir='ltr'>malum,</span> <span class='ocrx_word' id='word_1_274' title='bbox 3121 1406 3194 1464; x_wconf 90' lang='lat' dir='ltr'>ab</span> <span class='ocrx_word' id='word_1_275' title='bbox 3227 1407 3528 1467; x_wconf 83' lang='lat' dir='ltr'>Ordinibus</span> <span class='ocrx_word' id='word_1_276' title='bbox 3548 1410 3819 1468; x_wconf 73' lang='lat' dir='ltr'>Gererali-</span> 
     </span>
     <span class='ocr_line' id='line_1_19' title="bbox 571 1431 3822 1561; baseline 0.001 -27"><span class='ocrx_word' id='word_1_277' title='bbox 571 1493 657 1548; x_wconf 90' lang='grc'>27.</span> <span class='ocrx_word' id='word_1_278' title='bbox 729 1493 849 1534; x_wconf 88' lang='lat' dir='ltr'>nter</span> <span class='ocrx_word' id='word_1_279' title='bbox 883 1479 1258 1541; x_wconf 76' lang='lat' dir='ltr'>adulterum&amp;</span> <span class='ocrx_word' id='word_1_280' title='bbox 1279 1481 1579 1542; x_wconf 80' lang='lat' dir='ltr'>adulteram</span> <span class='ocrx_word' id='word_1_281' title='bbox 1615 1483 1898 1542; x_wconf 81' lang='lat' dir='ltr'>subsistere</span> <span class='ocrx_word' id='word_1_282' title='bbox 1926 1487 2139 1552; x_wconf 83' lang='lat' dir='ltr'>nuptias</span> <span class='ocrx_word' id='word_1_283' title='bbox 2198 1431 2294 1538; x_wconf 67' lang='lat' dir='ltr'>bus</span> <span class='ocrx_word' id='word_1_284' title='bbox 2326 1488 2685 1561; x_wconf 69' lang='lat' dir='ltr'>constitutum</span> <span class='ocrx_word' id='word_1_285' title='bbox 2722 1477 2857 1548; x_wconf 82' lang='lat' dir='ltr'>fuit,</span> <span class='ocrx_word' id='word_1_286' title='bbox 2894 1497 2962 1538; x_wconf 88' lang='lat' dir='ltr'>ne</span> <span class='ocrx_word' id='word_1_287' title='bbox 2998 1495 3236 1548; x_wconf 84' lang='lat' dir='ltr'>unquam</span> <span class='ocrx_word' id='word_1_288' title='bbox 3273 1478 3509 1549; x_wconf 86' lang='lat' dir='ltr'>leprosus</span> <span class='ocrx_word' id='word_1_289' title='bbox 3542 1496 3705 1547; x_wconf 71' lang='lat' dir='ltr'>sanz,</span> <span class='ocrx_word' id='word_1_290' title='bbox 3740 1495 3822 1539; x_wconf 85' lang='lat' dir='ltr'>aut</span> 
     </span>
     <span class='ocr_line' id='line_1_20' title="bbox 497 1547 3823 1625; baseline 0.001 -22"><span class='ocrx_word' id='word_1_291' title='bbox 497 1565 610 1604; x_wconf 89' lang='lat' dir='ltr'>non</span> <span class='ocrx_word' id='word_1_292' title='bbox 647 1566 817 1618; x_wconf 87' lang='lat' dir='ltr'>posse,</span> <span class='ocrx_word' id='word_1_293' title='bbox 843 1547 910 1605; x_wconf 88' lang='lat' dir='ltr'>Pa</span> <span class='ocrx_word' id='word_1_294' title='bbox 955 1553 1171 1609; x_wconf 87' lang='lat' dir='ltr'>inianus</span> <span class='ocrx_word' id='word_1_295' title='bbox 1189 1550 1396 1625; x_wconf 71' lang='lat' dir='ltr'>auEior,</span> <span class='ocrx_word' id='word_1_296' title='bbox 1433 1554 1470 1610; x_wconf 85' lang='lat' dir='ltr'>l.</span> <span class='ocrx_word' id='word_1_297' title='bbox 1492 1554 2011 1611; x_wconf 74' lang='lat' dir='ltr'>ClaudiurSelemur</span> <span class='ocrx_word' id='word_1_298' title='bbox 2056 1549 2135 1608; x_wconf 83' lang='lat'>13.</span> <span class='ocrx_word' id='word_1_299' title='bbox 2200 1553 2317 1611; x_wconf 85' lang='lat' dir='ltr'>vice</span> <span class='ocrx_word' id='word_1_300' title='bbox 2357 1569 2528 1623; x_wconf 86' lang='lat' dir='ltr'>versa,</span> <span class='ocrx_word' id='word_1_301' title='bbox 2568 1563 2856 1625; x_wconf 66' lang='lat' dir='ltr'>jungaturs</span> <span class='ocrx_word' id='word_1_302' title='bbox 2893 1549 3130 1618; x_wconf 87' lang='lat' dir='ltr'>leprosus</span> <span class='ocrx_word' id='word_1_303' title='bbox 3166 1566 3298 1605; x_wconf 86' lang='lat' dir='ltr'>vero</span> <span class='ocrx_word' id='word_1_304' title='bbox 3334 1549 3551 1619; x_wconf 69' lang='lat' dir='ltr'>leprosa:</span> <span class='ocrx_word' id='word_1_305' title='bbox 3592 1567 3702 1606; x_wconf 90' lang='lat' dir='ltr'>non</span> <span class='ocrx_word' id='word_1_306' title='bbox 3737 1549 3823 1608; x_wconf 86' lang='lat' dir='ltr'>ali-</span> 
     </span>
     <span class='ocr_line' id='line_1_21' title="bbox 486 1614 3825 1698; baseline 0.002 -27"><span class='ocrx_word' id='word_1_307' title='bbox 486 1614 559 1688; x_wconf 82' lang='lat' dir='ltr'>ff.</span> <span class='ocrx_word' id='word_1_308' title='bbox 598 1615 660 1672; x_wconf 87' lang='lat' dir='ltr'>de</span> <span class='ocrx_word' id='word_1_309' title='bbox 697 1618 777 1673; x_wconf 78' lang='lat' dir='ltr'>hir</span> <span class='ocrx_word' id='word_1_310' title='bbox 813 1624 902 1689; x_wconf 79' lang='lat' dir='ltr'>qui</span> <span class='ocrx_word' id='word_1_311' title='bbox 935 1642 996 1677; x_wconf 73' lang='lat' dir='ltr'>ter</span> <span class='ocrx_word' id='word_1_312' title='bbox 1053 1639 1114 1678; x_wconf 81' lang='lat' dir='ltr'>ut</span> <span class='ocrx_word' id='word_1_313' title='bbox 1150 1623 1410 1698; x_wconf 73' lang='lat' dir='ltr'>indignis,</span> <span class='ocrx_word' id='word_1_314' title='bbox 1446 1644 1565 1682; x_wconf 81' lang='lat' dir='ltr'>nov.</span> <span class='ocrx_word' id='word_1_315' title='bbox 1615 1621 1736 1692; x_wconf 80' lang='grc'><strong>154.</strong></span> <span class='ocrx_word' id='word_1_316' title='bbox 1776 1645 1842 1680; x_wconf 81' lang='lat' dir='ltr'>ca</span> <span class='ocrx_word' id='word_1_317' title='bbox 1877 1667 1887 1678; x_wconf 91' lang='lat'>.</span> <span class='ocrx_word' id='word_1_318' title='bbox 1928 1639 2006 1682; x_wconf 80' lang='grc'>12.</span> <span class='ocrx_word' id='word_1_319' title='bbox 2064 1625 2137 1680; x_wconf 86' lang='lat' dir='ltr'>Et</span> <span class='ocrx_word' id='word_1_320' title='bbox 2195 1633 2298 1690; x_wconf 86' lang='lat' dir='ltr'>ter,</span> <span class='ocrx_word' id='word_1_321' title='bbox 2329 1639 2491 1692; x_wconf 86' lang='lat' dir='ltr'>quam</span> <span class='ocrx_word' id='word_1_322' title='bbox 2522 1638 2589 1679; x_wconf 78' lang='lat' dir='ltr'>ex</span> <span class='ocrx_word' id='word_1_323' title='bbox 2623 1638 2888 1678; x_wconf 88' lang='lat' dir='ltr'>consensu</span> <span class='ocrx_word' id='word_1_324' title='bbox 2922 1621 3358 1695; x_wconf 82' lang='lat' dir='ltr'>magistratus,&amp;</span> <span class='ocrx_word' id='word_1_325' title='bbox 3390 1637 3610 1693; x_wconf 87' lang='lat' dir='ltr'>eorum,</span> <span class='ocrx_word' id='word_1_326' title='bbox 3646 1621 3825 1691; x_wconf 83' lang='lat' dir='ltr'>quibus</span> 
     </span>
     <span class='ocr_line' id='line_1_22' title="bbox 498 1684 3824 1769; baseline 0.006 -24"><span class='ocrx_word' id='word_1_327' title='bbox 498 1695 741 1757; x_wconf 83' lang='lat' dir='ltr'>quamvis</span> <span class='ocrx_word' id='word_1_328' title='bbox 783 1684 895 1757; x_wconf 82' lang='lat' dir='ltr'>jure</span> <span class='ocrx_word' id='word_1_329' title='bbox 929 1693 1432 1769; x_wconf 50' lang='lat' dir='ltr'>canonicossuptiae</span> <span class='ocrx_word' id='word_1_330' title='bbox 1454 1693 1587 1752; x_wconf 87' lang='lat' dir='ltr'>tales</span> <span class='ocrx_word' id='word_1_331' title='bbox 1620 1711 1805 1763; x_wconf 88' lang='lat' dir='ltr'>compr</span> <span class='ocrx_word' id='word_1_332' title='bbox 1884 1707 1983 1754; x_wconf 74' lang='lat' dir='ltr'>ata</span> <span class='ocrx_word' id='word_1_333' title='bbox 2024 1692 2136 1753; x_wconf 84' lang='lat' dir='ltr'>sue·</span> <span class='ocrx_word' id='word_1_334' title='bbox 2194 1692 2388 1748; x_wconf 85' lang='lat' dir='ltr'>talium</span> <span class='ocrx_word' id='word_1_335' title='bbox 2428 1691 2714 1748; x_wconf 71' lang='lat' dir='ltr'>hominum</span> <span class='ocrx_word' id='word_1_336' title='bbox 2750 1707 2875 1747; x_wconf 64' lang='lat' dir='ltr'>cum</span> <span class='ocrx_word' id='word_1_337' title='bbox 2918 1688 3205 1760; x_wconf 62' lang='lat' dir='ltr'>incumbit»</span> <span class='ocrx_word' id='word_1_338' title='bbox 3240 1692 3511 1763; x_wconf 62' lang='lat' dir='ltr'>P50P0⁵it²</span> <span class='ocrx_word' id='word_1_339' title='bbox 3550 1692 3609 1746; x_wconf 61' lang='lat'>³¹¹</span> <span class='ocrx_word' id='word_1_340' title='bbox 3647 1706 3824 1749; x_wconf 60' lang='lat' dir='ltr'>‘&#39;⁰¹¹‘ss</span> 
     </span>
     <span class='ocr_line' id='line_1_23' title="bbox 499 1761 2136 1837; baseline 0.004 -25"><span class='ocrx_word' id='word_1_341' title='bbox 499 1761 650 1827; x_wconf 88' lang='lat' dir='ltr'>rint,</span> <span class='ocrx_word' id='word_1_342' title='bbox 673 1764 891 1830; x_wconf 74' lang='lat' dir='ltr'>quoties</span> <span class='ocrx_word' id='word_1_343' title='bbox 929 1761 1058 1816; x_wconf 86' lang='lat' dir='ltr'>vivo</span> <span class='ocrx_word' id='word_1_344' title='bbox 1092 1777 1321 1837; x_wconf 72' lang='lat' dir='ltr'>conjuge</span> <span class='ocrx_word' id='word_1_345' title='bbox 1359 1769 1574 1822; x_wconf 79' lang='lat' dir='ltr'>insonte</span> <span class='ocrx_word' id='word_1_346' title='bbox 1610 1764 1760 1821; x_wconf 80' lang='lat' dir='ltr'>nulla</span> <span class='ocrx_word' id='word_1_347' title='bbox 1797 1770 1941 1824; x_wconf 86' lang='lat' dir='ltr'>inter</span> <span class='ocrx_word' id='word_1_348' title='bbox 1976 1763 2136 1824; x_wconf 84' lang='lat' dir='ltr'>adul-</span> 
     </span>
     <span class='ocr_line' id='line_1_24' title="bbox 497 1829 2134 1894; baseline 0.004 -11"><span class='ocrx_word' id='word_1_349' title='bbox 497 1844 674 1885; x_wconf 83' lang='lat' dir='ltr'>terum</span> <span class='ocrx_word' id='word_1_350' title='bbox 708 1832 764 1886; x_wconf 71' lang='grc' dir='ltr'>ἃ</span> <span class='ocrx_word' id='word_1_351' title='bbox 802 1829 1104 1887; x_wconf 81' lang='lat' dir='ltr'>adulteram</span> <span class='ocrx_word' id='word_1_352' title='bbox 1135 1831 1262 1889; x_wconf 80' lang='lat' dir='ltr'>fides</span> <span class='ocrx_word' id='word_1_353' title='bbox 1281 1836 1620 1890; x_wconf 77' lang='lat' dir='ltr'>matrimonii</span> <span class='ocrx_word' id='word_1_354' title='bbox 1654 1836 2012 1894; x_wconf 87' lang='lat' dir='ltr'>contrahendi</span> <span class='ocrx_word' id='word_1_355' title='bbox 2049 1841 2134 1891; x_wconf 89' lang='lat' dir='ltr'>in-</span> 
     </span>
     <span class='ocr_line' id='line_1_25' title="bbox 499 1899 2135 1978; baseline 0.004 -25"><span class='ocrx_word' id='word_1_356' title='bbox 499 1900 763 1969; x_wconf 87' lang='lat' dir='ltr'>tercessit,</span> <span class='ocrx_word' id='word_1_357' title='bbox 801 1917 900 1956; x_wconf 89' lang='lat' dir='ltr'>nec</span> <span class='ocrx_word' id='word_1_358' title='bbox 938 1899 995 1957; x_wconf 88' lang='lat' dir='ltr'>hi</span> <span class='ocrx_word' id='word_1_359' title='bbox 1031 1902 1088 1957; x_wconf 85' lang='lat' dir='ltr'>in</span> <span class='ocrx_word' id='word_1_360' title='bbox 1111 1920 1294 1959; x_wconf 86' lang='lat' dir='ltr'>necem</span> <span class='ocrx_word' id='word_1_361' title='bbox 1330 1909 1624 1962; x_wconf 87' lang='lat' dir='ltr'>insontium</span> <span class='ocrx_word' id='word_1_362' title='bbox 1655 1901 1950 1978; x_wconf 71' lang='lat' dir='ltr'>coniugum</span> <span class='ocrx_word' id='word_1_363' title='bbox 1987 1908 2135 1975; x_wconf 88' lang='lat' dir='ltr'>quic-</span> 
     </span>
     <span class='ocr_line' id='line_1_26' title="bbox 499 1968 2134 2051; baseline 0.004 -29"><span class='ocrx_word' id='word_1_364' title='bbox 499 1986 658 2040; x_wconf 89' lang='lat' dir='ltr'>quam</span> <span class='ocrx_word' id='word_1_365' title='bbox 694 1968 994 2026; x_wconf 86' lang='lat' dir='ltr'>machinati</span> <span class='ocrx_word' id='word_1_366' title='bbox 1016 1985 1164 2044; x_wconf 85' lang='lat' dir='ltr'>sunt,</span> <span class='ocrx_word' id='word_1_367' title='bbox 1198 1988 1308 2042; x_wconf 80' lang='lat' dir='ltr'>cap.</span> <span class='ocrx_word' id='word_1_368' title='bbox 1334 1988 1478 2042; x_wconf 74' lang='lat' dir='ltr'>super</span> <span class='ocrx_word' id='word_1_369' title='bbox 1513 1975 1605 2033; x_wconf 85' lang='lat' dir='ltr'>boc</span> <span class='ocrx_word' id='word_1_370' title='bbox 1639 1971 1689 2032; x_wconf 80' lang='grc'>5.</span> <span class='ocrx_word' id='word_1_371' title='bbox 1727 1991 1839 2046; x_wconf 78' lang='lat' dir='ltr'>cap.</span> <span class='ocrx_word' id='word_1_372' title='bbox 1873 1973 2134 2051; x_wconf 72' lang='lat' dir='ltr'>significa-</span> 
     </span>
     <span class='ocr_line' id='line_1_27' title="bbox 499 2038 2135 2117; baseline 0.006 -25"><span class='ocrx_word' id='word_1_373' title='bbox 499 2042 574 2093; x_wconf 71' lang='lat' dir='ltr'>rti</span> <span class='ocrx_word' id='word_1_374' title='bbox 604 2039 663 2095; x_wconf 87' lang='lat'>6.</span> <span class='ocrx_word' id='word_1_375' title='bbox 704 2056 866 2094; x_wconf 61' lang='lat' dir='ltr'>extra</span> <span class='ocrx_word' id='word_1_376' title='bbox 892 2038 956 2094; x_wconf 77' lang='lat' dir='ltr'>de</span> <span class='ocrx_word' id='word_1_377' title='bbox 989 2062 1048 2096; x_wconf 81' lang='lat' dir='ltr'>eo</span> <span class='ocrx_word' id='word_1_378' title='bbox 1083 2046 1172 2113; x_wconf 77' lang='lat' dir='ltr'>qui</span> <span class='ocrx_word' id='word_1_379' title='bbox 1207 2042 1356 2101; x_wconf 76' lang='lat' dir='ltr'>duxit</span> <span class='ocrx_word' id='word_1_380' title='bbox 1394 2049 1453 2102; x_wconf 79' lang='lat' dir='ltr'>in</span> <span class='ocrx_word' id='word_1_381' title='bbox 1490 2048 1736 2102; x_wconf 81' lang='lat' dir='ltr'>matrim.</span> <span class='ocrx_word' id='word_1_382' title='bbox 1756 2066 1921 2117; x_wconf 79' lang='lat' dir='ltr'>quam</span> <span class='ocrx_word' id='word_1_383' title='bbox 1952 2048 2135 2114; x_wconf 79' lang='lat' dir='ltr'>polluit</span> 
     </span>
     <span class='ocr_line' id='line_1_28' title="bbox 491 2108 2133 2189; baseline 0.008 -28"><span class='ocrx_word' id='word_1_384' title='bbox 491 2126 580 2176; x_wconf 77' lang='lat' dir='ltr'>per</span> <span class='ocrx_word' id='word_1_385' title='bbox 617 2108 848 2166; x_wconf 74' lang='lat' dir='ltr'>adulter.</span> <span class='ocrx_word' id='word_1_386' title='bbox 905 2110 1086 2184; x_wconf 87' lang='lat' dir='ltr'>Atque</span> <span class='ocrx_word' id='word_1_387' title='bbox 1121 2111 1230 2169; x_wconf 79' lang='lat' dir='ltr'>haec</span> <span class='ocrx_word' id='word_1_388' title='bbox 1250 2116 1521 2175; x_wconf 86' lang='lat' dir='ltr'>sententia</span> <span class='ocrx_word' id='word_1_389' title='bbox 1557 2118 1721 2186; x_wconf 87' lang='lat' dir='ltr'>etiam</span> <span class='ocrx_word' id='word_1_390' title='bbox 1758 2115 2019 2189; x_wconf 79' lang='lat' dir='ltr'>pluribus,</span> <span class='ocrx_word' id='word_1_391' title='bbox 2054 2136 2133 2174; x_wconf 82' lang='lat' dir='ltr'>re·</span> 
     </span>
     <span class='ocr_line' id='line_1_29' title="bbox 495 2177 2134 2259; baseline 0.004 -25"><span class='ocrx_word' id='word_1_392' title='bbox 495 2181 689 2250; x_wconf 86' lang='lat' dir='ltr'>ligioni</span> <span class='ocrx_word' id='word_1_393' title='bbox 725 2177 1022 2237; x_wconf 75' lang='lat' dir='ltr'>Pontificiae</span> <span class='ocrx_word' id='word_1_394' title='bbox 1059 2200 1168 2239; x_wconf 90' lang='lat' dir='ltr'>non</span> <span class='ocrx_word' id='word_1_395' title='bbox 1224 2181 1454 2242; x_wconf 67' lang='lat' dir='ltr'>addictis</span> <span class='ocrx_word' id='word_1_396' title='bbox 1488 2199 1601 2242; x_wconf 86' lang='lat' dir='ltr'>tum</span> <span class='ocrx_word' id='word_1_397' title='bbox 1637 2183 1962 2259; x_wconf 80' lang='lat' dir='ltr'>&#39;Pheologis,</span> <span class='ocrx_word' id='word_1_398' title='bbox 2015 2199 2134 2244; x_wconf 89' lang='lat' dir='ltr'>tum</span> 
     </span>
     <span class='ocr_line' id='line_1_30' title="bbox 492 2249 2133 2326; baseline 0.002 -18"><span class='ocrx_word' id='word_1_399' title='bbox 492 2249 890 2308; x_wconf 86' lang='lat' dir='ltr'>Jurisconsultis</span> <span class='ocrx_word' id='word_1_400' title='bbox 926 2252 1183 2322; x_wconf 88' lang='lat' dir='ltr'>arriserit,</span> <span class='ocrx_word' id='word_1_401' title='bbox 1219 2270 1353 2324; x_wconf 81' lang='lat' dir='ltr'>quos</span> <span class='ocrx_word' id='word_1_402' title='bbox 1386 2261 1520 2311; x_wconf 89' lang='lat' dir='ltr'>citat</span> <span class='ocrx_word' id='word_1_403' title='bbox 1540 2259 1595 2313; x_wconf 75' lang='grc' dir='ltr'>ὅτ</span> <span class='ocrx_word' id='word_1_404' title='bbox 1618 2257 1859 2325; x_wconf 87' lang='lat' dir='ltr'>sequitur</span> <span class='ocrx_word' id='word_1_405' title='bbox 1892 2257 2133 2326; x_wconf 85' lang='lat' dir='ltr'>Carpzo-</span> 
     </span>
     <span class='ocr_line' id='line_1_31' title="bbox 482 2307 2133 2398; baseline 0.006 -25"><span class='ocrx_word' id='word_1_406' title='bbox 482 2307 614 2375; x_wconf 58' lang='lat' dir='ltr'>*vius</span> <span class='ocrx_word' id='word_1_407' title='bbox 649 2318 801 2391; x_wconf 82' lang='lat' dir='ltr'>defin.</span> <span class='ocrx_word' id='word_1_408' title='bbox 826 2319 934 2394; x_wconf 76' lang='lat' dir='ltr'>fhr.</span> <span class='ocrx_word' id='word_1_409' title='bbox 955 2337 1069 2388; x_wconf 79' lang='grc' dir='ltr'><strong>ραν.</strong></span> <span class='ocrx_word' id='word_1_410' title='bbox 1092 2323 1142 2388; x_wconf 90' lang='grc'>4.</span> <span class='ocrx_word' id='word_1_411' title='bbox 1180 2327 1384 2379; x_wconf 77' lang='lat' dir='ltr'>constit.</span> <span class='ocrx_word' id='word_1_412' title='bbox 1427 2342 1511 2382; x_wconf 86' lang='lat'>20.</span> <span class='ocrx_word' id='word_1_413' title='bbox 1549 2324 1705 2397; x_wconf 72' lang='lat' dir='ltr'>defin.</span> <span class='ocrx_word' id='word_1_414' title='bbox 1737 2325 1815 2382; x_wconf 86' lang='grc'>16.</span> <span class='ocrx_word' id='word_1_415' title='bbox 1871 2344 1934 2383; x_wconf 75' lang='lat' dir='ltr'>ac</span> <span class='ocrx_word' id='word_1_416' title='bbox 1972 2343 2133 2398; x_wconf 77' lang='lat' dir='ltr'>prag·</span> 
     </span>
     <span class='ocr_line' id='line_1_32' title="bbox 489 2390 2129 2466; baseline 0.005 -23"><span class='ocrx_word' id='word_1_417' title='bbox 489 2391 706 2445; x_wconf 84' lang='lat' dir='ltr'>maticis</span> <span class='ocrx_word' id='word_1_418' title='bbox 725 2390 1060 2450; x_wconf 84' lang='lat' dir='ltr'>nostratibus</span> <span class='ocrx_word' id='word_1_419' title='bbox 1097 2392 1241 2450; x_wconf 75' lang='lat' dir='ltr'>haud</span> <span class='ocrx_word' id='word_1_420' title='bbox 1260 2393 1614 2465; x_wconf 79' lang='lat' dir='ltr'>displicuerit,</span> <span class='ocrx_word' id='word_1_421' title='bbox 1651 2393 1930 2466; x_wconf 84' lang='lat' dir='ltr'>Responsa</span> <span class='ocrx_word' id='word_1_422' title='bbox 1948 2398 2129 2457; x_wconf 82' lang='lat' dir='ltr'>lurisc.</span> 
     </span>
     <span class='ocr_line' id='line_1_33' title="bbox 497 2455 2130 2533; baseline 0.006 -21"><span class='ocrx_word' id='word_1_423' title='bbox 497 2455 644 2516; x_wconf 83' lang='lat' dir='ltr'>Holl.</span> <span class='ocrx_word' id='word_1_424' title='bbox 658 2475 771 2527; x_wconf 80' lang='lat' dir='ltr'>par.</span> <span class='ocrx_word' id='word_1_425' title='bbox 793 2457 846 2516; x_wconf 81' lang='grc'>5.</span> <span class='ocrx_word' id='word_1_426' title='bbox 886 2464 985 2517; x_wconf 75' lang='lat' dir='ltr'>vol.</span> <span class='ocrx_word' id='word_1_427' title='bbox 1010 2480 1057 2517; x_wconf 90' lang='grc'>1.</span> <span class='ocrx_word' id='word_1_428' title='bbox 1096 2465 1275 2518; x_wconf 77' lang='lat' dir='ltr'>consil.</span> <span class='ocrx_word' id='word_1_429' title='bbox 1301 2464 1386 2520; x_wconf 72' lang='lat'>52.</span> <span class='ocrx_word' id='word_1_430' title='bbox 1407 2462 1493 2521; x_wconf 82' lang='lat'>53.</span> <span class='ocrx_word' id='word_1_431' title='bbox 1518 2463 1603 2533; x_wconf 87' lang='lat'>54.</span> <span class='ocrx_word' id='word_1_432' title='bbox 1640 2463 1708 2526; x_wconf 63' lang='grc' dir='ltr'>(θ’</span> <span class='ocrx_word' id='word_1_433' title='bbox 1744 2467 1839 2523; x_wconf 81' lang='lat' dir='ltr'>vol.</span> <span class='ocrx_word' id='word_1_434' title='bbox 1864 2482 1911 2522; x_wconf 84' lang='grc'>2.</span> <span class='ocrx_word' id='word_1_435' title='bbox 1951 2468 2130 2524; x_wconf 75' lang='lat' dir='ltr'>consil.</span> 
     </span>
     <span class='ocr_line' id='line_1_34' title="bbox 494 2527 2130 2605; baseline 0.004 -19"><span class='ocrx_word' id='word_1_436' title='bbox 494 2543 584 2599; x_wconf 87' lang='lat'>71.</span> <span class='ocrx_word' id='word_1_437' title='bbox 624 2544 710 2597; x_wconf 83' lang='lat'>72.</span> <span class='ocrx_word' id='word_1_438' title='bbox 753 2527 952 2589; x_wconf 84' lang='lat' dir='ltr'>Parens</span> <span class='ocrx_word' id='word_1_439' title='bbox 989 2550 1040 2600; x_wconf 87' lang='lat' dir='ltr'>p.</span> <span class='ocrx_word' id='word_1_440' title='bbox 1061 2550 1218 2590; x_wconf 84' lang='lat' dir='ltr'>mem.</span> <span class='ocrx_word' id='word_1_441' title='bbox 1245 2532 1441 2591; x_wconf 81' lang='lat' dir='ltr'>Paulus</span> <span class='ocrx_word' id='word_1_442' title='bbox 1476 2534 1620 2593; x_wconf 75' lang='lat' dir='ltr'>Voet</span> <span class='ocrx_word' id='word_1_443' title='bbox 1657 2535 1739 2591; x_wconf 83' lang='lat' dir='ltr'>ad</span> <span class='ocrx_word' id='word_1_444' title='bbox 1765 2539 1923 2605; x_wconf 74' lang='lat' dir='ltr'>princ.</span> <span class='ocrx_word' id='word_1_445' title='bbox 1948 2538 2130 2594; x_wconf 78' lang='lat' dir='ltr'>Instit.</span> 
     </span>
     <span class='ocr_line' id='line_1_35' title="bbox 490 2597 2124 2682; baseline 0.004 -28"><span class='ocrx_word' id='word_1_446' title='bbox 490 2597 555 2655; x_wconf 82' lang='lat' dir='ltr'>de</span> <span class='ocrx_word' id='word_1_447' title='bbox 588 2602 782 2672; x_wconf 80' lang='lat' dir='ltr'>nuptiis</span> <span class='ocrx_word' id='word_1_448' title='bbox 819 2621 870 2656; x_wconf 86' lang='lat' dir='ltr'>n.</span> <span class='ocrx_word' id='word_1_449' title='bbox 913 2600 998 2658; x_wconf 74' lang='lat'>25.</span> <span class='ocrx_word' id='word_1_450' title='bbox 1057 2601 1476 2675; x_wconf 66' lang='lat' dir='ltr'>Groenevegen</span> <span class='ocrx_word' id='word_1_451' title='bbox 1514 2603 1598 2659; x_wconf 78' lang='lat' dir='ltr'>ad</span> <span class='ocrx_word' id='word_1_452' title='bbox 1623 2605 1657 2660; x_wconf 90' lang='lat' dir='ltr'>l.</span> <span class='ocrx_word' id='word_1_453' title='bbox 1701 2620 1788 2676; x_wconf 84' lang='lat'>27.</span> <span class='ocrx_word' id='word_1_454' title='bbox 1826 2606 1884 2661; x_wconf 89' lang='lat' dir='ltr'>C.</span> <span class='ocrx_word' id='word_1_455' title='bbox 1924 2606 2007 2663; x_wconf 84' lang='lat' dir='ltr'>ad</span> <span class='ocrx_word' id='word_1_456' title='bbox 2033 2609 2124 2682; x_wconf 83' lang='lat' dir='ltr'>leg.</span> 
     </span>
     <span class='ocr_line' id='line_1_36' title="bbox 490 2669 2130 2744; baseline 0.006 -18"><span class='ocrx_word' id='word_1_457' title='bbox 490 2670 669 2727; x_wconf 79' lang='lat' dir='ltr'>1ol.d.</span> <span class='ocrx_word' id='word_1_458' title='bbox 711 2669 1011 2744; x_wconf 72' lang='lat' dir='ltr'>adulseriir,</span> <span class='ocrx_word' id='word_1_459' title='bbox 1049 2687 1250 2740; x_wconf 76' lang='lat' dir='ltr'>tamen,</span> <span class='ocrx_word' id='word_1_460' title='bbox 1285 2691 1410 2733; x_wconf 86' lang='lat' dir='ltr'>cum</span> <span class='ocrx_word' id='word_1_461' title='bbox 1444 2677 1500 2734; x_wconf 69' lang='lat' dir='ltr'>ar</span> <span class='ocrx_word' id='word_1_462' title='bbox 1540 2675 1651 2743; x_wconf 81' lang='lat' dir='ltr'>ipsa</span> <span class='ocrx_word' id='word_1_463' title='bbox 1686 2674 1955 2735; x_wconf 84' lang='lat' dir='ltr'>adulteria</span> <span class='ocrx_word' id='word_1_464' title='bbox 1994 2676 2130 2735; x_wconf 86' lang='lat' dir='ltr'>late-</span> 
     </span>
     <span class='ocr_line' id='line_1_37' title="bbox 492 2739 2131 2822; baseline 0.004 -25"><span class='ocrx_word' id='word_1_465' title='bbox 492 2739 617 2797; x_wconf 86' lang='lat' dir='ltr'>bras</span> <span class='ocrx_word' id='word_1_466' title='bbox 652 2757 927 2822; x_wconf 77' lang='lat' dir='ltr'>quaerant,</span> <span class='ocrx_word' id='word_1_467' title='bbox 980 2748 1034 2803; x_wconf 67' lang='grc' dir='ltr'>ὃ(</span> <span class='ocrx_word' id='word_1_468' title='bbox 1070 2745 1407 2801; x_wconf 77' lang='lat' dir='ltr'>clandestina</span> <span class='ocrx_word' id='word_1_469' title='bbox 1442 2744 1610 2804; x_wconf 86' lang='lat' dir='ltr'>soleat</span> <span class='ocrx_word' id='word_1_470' title='bbox 1647 2765 1761 2804; x_wconf 85' lang='lat' dir='ltr'>esse</span> <span class='ocrx_word' id='word_1_471' title='bbox 1797 2749 1942 2805; x_wconf 80' lang='lat' dir='ltr'>inter</span> <span class='ocrx_word' id='word_1_472' title='bbox 1978 2747 2131 2808; x_wconf 86' lang='lat' dir='ltr'>adul-</span> 
     </span>
     <span class='ocr_line' id='line_1_38' title="bbox 493 2813 2130 2890; baseline 0.005 -25"><span class='ocrx_word' id='word_1_473' title='bbox 493 2824 636 2866; x_wconf 88' lang='lat' dir='ltr'>teros</span> <span class='ocrx_word' id='word_1_474' title='bbox 677 2813 798 2867; x_wconf 83' lang='lat' dir='ltr'>hdei</span> <span class='ocrx_word' id='word_1_475' title='bbox 833 2815 1249 2885; x_wconf 78' lang='lat' dir='ltr'>matrimonialis</span> <span class='ocrx_word' id='word_1_476' title='bbox 1287 2818 1673 2886; x_wconf 73' lang='lat' dir='ltr'>interpositio,</span> <span class='ocrx_word' id='word_1_477' title='bbox 1729 2817 2037 2890; x_wconf 73' lang='lat' dir='ltr'>insidiaeque</span> <span class='ocrx_word' id='word_1_478' title='bbox 2068 2836 2130 2874; x_wconf 91' lang='lat' dir='ltr'>ac</span> 
     </span>
     <span class='ocr_line' id='line_1_39' title="bbox 488 2872 2130 2968; baseline 0.007 -34"><span class='ocrx_word' id='word_1_479' title='bbox 488 2872 920 2939; x_wconf 85' lang='lat' dir='ltr'>machinationes</span> <span class='ocrx_word' id='word_1_480' title='bbox 955 2884 1012 2938; x_wconf 89' lang='lat' dir='ltr'>in</span> <span class='ocrx_word' id='word_1_481' title='bbox 1049 2882 1292 2968; x_wconf 70' lang='lat' dir='ltr'>coniugis</span> <span class='ocrx_word' id='word_1_482' title='bbox 1314 2887 1541 2944; x_wconf 89' lang='lat' dir='ltr'>insontis</span> <span class='ocrx_word' id='word_1_483' title='bbox 1574 2892 1863 2954; x_wconf 88' lang='lat' dir='ltr'>perniciem</span> <span class='ocrx_word' id='word_1_484' title='bbox 1900 2886 2130 2957; x_wconf 64' lang='lat' dir='ltr'>struEltae,</span> 
     </span>
     <span class='ocr_line' id='line_1_40' title="bbox 490 2954 2126 3028; baseline 0.008 -25"><span class='ocrx_word' id='word_1_485' title='bbox 490 2954 685 3023; x_wconf 81' lang='lat' dir='ltr'>ignota:</span> <span class='ocrx_word' id='word_1_486' title='bbox 721 2971 788 3009; x_wconf 72' lang='lat' dir='ltr'>sa</span> <span class='ocrx_word' id='word_1_487' title='bbox 858 2994 874 3023; x_wconf 90' lang='lat'>,</span> <span class='ocrx_word' id='word_1_488' title='bbox 909 2955 1094 3019; x_wconf 67' lang='lat' dir='ltr'>sepius</span> <span class='ocrx_word' id='word_1_489' title='bbox 1128 2954 1361 3013; x_wconf 84' lang='lat' dir='ltr'>difncilis</span> <span class='ocrx_word' id='word_1_490' title='bbox 1397 2955 1753 3025; x_wconf 84' lang='lat' dir='ltr'>probationis,</span> <span class='ocrx_word' id='word_1_491' title='bbox 1774 2963 1946 3015; x_wconf 88' lang='lat' dir='ltr'>satius</span> <span class='ocrx_word' id='word_1_492' title='bbox 1983 2971 2126 3028; x_wconf 88' lang='lat' dir='ltr'>post-</span> 
     </span>
     <span class='ocr_line' id='line_1_41' title="bbox 488 3020 2126 3102; baseline 0.002 -24"><span class='ocrx_word' id='word_1_493' title='bbox 488 3039 553 3079; x_wconf 85' lang='lat' dir='ltr'>ea</span> <span class='ocrx_word' id='word_1_494' title='bbox 587 3020 784 3076; x_wconf 84' lang='lat' dir='ltr'>Ordin&#39;</span> <span class='ocrx_word' id='word_1_495' title='bbox 830 3041 898 3102; x_wconf 44' lang='lat' dir='ltr'>us·</span> <span class='ocrx_word' id='word_1_496' title='bbox 930 3021 1232 3082; x_wconf 66' lang='lat' dir='ltr'>Hollandix</span> <span class='ocrx_word' id='word_1_497' title='bbox 1257 3030 1431 3082; x_wconf 88' lang='lat' dir='ltr'>visum</span> <span class='ocrx_word' id='word_1_498' title='bbox 1488 3022 1629 3098; x_wconf 89' lang='lat' dir='ltr'>fuit,</span> <span class='ocrx_word' id='word_1_499' title='bbox 1667 3024 1847 3084; x_wconf 58' lang='lat' dir='ltr'>edicio</span> <span class='ocrx_word' id='word_1_500' title='bbox 1881 3046 1980 3086; x_wconf 87' lang='lat' dir='ltr'>suo</span> <span class='ocrx_word' id='word_1_501' title='bbox 2016 3044 2126 3083; x_wconf 86' lang='lat' dir='ltr'>ma-</span> 
     </span>
     <span class='ocr_line' id='line_1_42' title="bbox 491 3090 2126 3162; baseline 0.004 -15"><span class='ocrx_word' id='word_1_502' title='bbox 491 3092 751 3147; x_wconf 88' lang='lat' dir='ltr'>trimonia</span> <span class='ocrx_word' id='word_1_503' title='bbox 799 3090 1165 3162; x_wconf 68' lang='lat' dir='ltr'>hujuscemodi</span> <span class='ocrx_word' id='word_1_504' title='bbox 1221 3095 1278 3150; x_wconf 89' lang='lat' dir='ltr'>in</span> <span class='ocrx_word' id='word_1_505' title='bbox 1317 3100 1626 3153; x_wconf 85' lang='lat' dir='ltr'>universum</span> <span class='ocrx_word' id='word_1_506' title='bbox 1673 3098 1931 3155; x_wconf 87' lang='lat' dir='ltr'>damnare</span> <span class='ocrx_word' id='word_1_507' title='bbox 1965 3112 2023 3153; x_wconf 89' lang='lat' dir='ltr'>at</span> <span class='ocrx_word' id='word_1_508' title='bbox 2061 3117 2126 3156; x_wconf 89' lang='lat' dir='ltr'>ue</span> 
     </span>
     <span class='ocr_line' id='line_1_43' title="bbox 491 3162 2126 3237; baseline 0.006 -23"><span class='ocrx_word' id='word_1_509' title='bbox 491 3173 693 3232; x_wconf 82' lang='lat' dir='ltr'>vetare,</span> <span class='ocrx_word' id='word_1_510' title='bbox 728 3178 792 3216; x_wconf 90' lang='lat' dir='ltr'>ac</span> <span class='ocrx_word' id='word_1_511' title='bbox 825 3181 886 3221; x_wconf 88' lang='lat' dir='ltr'>re</span> <span class='ocrx_word' id='word_1_512' title='bbox 925 3166 1036 3231; x_wconf 83' lang='lat' dir='ltr'>ipsa</span> <span class='ocrx_word' id='word_1_513' title='bbox 1069 3162 1346 3223; x_wconf 67' lang='lat' dir='ltr'>conti-aeia</span> <span class='ocrx_word' id='word_1_514' title='bbox 1369 3182 1464 3233; x_wconf 89' lang='lat' dir='ltr'>pro</span> <span class='ocrx_word' id='word_1_515' title='bbox 1484 3164 1646 3222; x_wconf 88' lang='lat' dir='ltr'>nullis</span> <span class='ocrx_word' id='word_1_516' title='bbox 1682 3163 1900 3237; x_wconf 83' lang='lat' dir='ltr'>habere,</span> <span class='ocrx_word' id='word_1_517' title='bbox 1933 3169 1978 3222; x_wconf 89' lang='lat' dir='ltr'>si</span> <span class='ocrx_word' id='word_1_518' title='bbox 2077 3186 2126 3224; x_wconf 87' lang='lat' dir='ltr'>r-</span> 
     </span>
     <span class='ocr_line' id='line_1_44' title="bbox 491 3233 2125 3318; baseline 0.002 -29"><span class='ocrx_word' id='word_1_519' title='bbox 491 3248 548 3289; x_wconf 91' lang='lat' dir='ltr'>te</span> <span class='ocrx_word' id='word_1_520' title='bbox 584 3233 786 3289; x_wconf 86' lang='lat' dir='ltr'>crimen</span> <span class='ocrx_word' id='word_1_521' title='bbox 845 3234 1010 3291; x_wconf 87' lang='lat' dir='ltr'>initio</span> <span class='ocrx_word' id='word_1_522' title='bbox 1028 3235 1369 3291; x_wconf 83' lang='lat' dir='ltr'>matrimonii</span> <span class='ocrx_word' id='word_1_523' title='bbox 1421 3236 1752 3318; x_wconf 78' lang='lat' dir='ltr'>ignoratum,</span> <span class='ocrx_word' id='word_1_524' title='bbox 1860 3251 1973 3294; x_wconf 87' lang='lat' dir='ltr'>stea</span> <span class='ocrx_word' id='word_1_525' title='bbox 2011 3254 2125 3293; x_wconf 84' lang='lat' dir='ltr'>ma-</span> 
     </span>
     <span class='ocr_line' id='line_1_45' title="bbox 495 3272 2125 3375; baseline 0.004 -18"><span class='ocrx_word' id='word_1_526' title='bbox 495 3299 761 3358; x_wconf 87' lang='lat' dir='ltr'>nifestum</span> <span class='ocrx_word' id='word_1_527' title='bbox 786 3272 876 3359; x_wconf 56' lang='lat' dir='ltr'>liat</span> <span class='ocrx_word' id='word_1_528' title='bbox 903 3323 919 3372; x_wconf 72' lang='grc' dir='ltr'><strong>ς</strong></span> <span class='ocrx_word' id='word_1_529' title='bbox 958 3317 1016 3362; x_wconf 92' lang='lat' dir='ltr'>ut</span> <span class='ocrx_word' id='word_1_530' title='bbox 1039 3309 1112 3361; x_wconf 91' lang='lat' dir='ltr'>ita</span> <span class='ocrx_word' id='word_1_531' title='bbox 1135 3306 1190 3359; x_wconf 91' lang='lat' dir='ltr'>in</span> <span class='ocrx_word' id='word_1_532' title='bbox 1212 3303 1465 3361; x_wconf 79' lang='lat' dir='ltr'>adulterii</span> <span class='ocrx_word' id='word_1_533' title='bbox 1483 3311 1681 3365; x_wconf 85' lang='lat' dir='ltr'>crimen</span> <span class='ocrx_word' id='word_1_534' title='bbox 1731 3322 1794 3361; x_wconf 90' lang='lat' dir='ltr'>ro</span> <span class='ocrx_word' id='word_1_535' title='bbox 1816 3311 1924 3375; x_wconf 88' lang='lat' dir='ltr'>apsi</span> <span class='ocrx_word' id='word_1_536' title='bbox 1943 3309 2125 3364; x_wconf 88' lang='lat' dir='ltr'>deter-</span> 
     </span>
     <span class='ocr_line' id='line_1_46' title="bbox 492 3370 2125 3446; baseline 0.004 -19"><span class='ocrx_word' id='word_1_537' title='bbox 492 3384 714 3428; x_wconf 86' lang='lat' dir='ltr'>reantur</span> <span class='ocrx_word' id='word_1_538' title='bbox 750 3370 822 3428; x_wconf 91' lang='lat' dir='ltr'>ab</span> <span class='ocrx_word' id='word_1_539' title='bbox 840 3375 1051 3432; x_wconf 88' lang='lat' dir='ltr'>insidiis</span> <span class='ocrx_word' id='word_1_540' title='bbox 1073 3380 1271 3431; x_wconf 88' lang='lat' dir='ltr'>insonti</span> <span class='ocrx_word' id='word_1_541' title='bbox 1291 3377 1577 3446; x_wconf 84' lang='lat' dir='ltr'>struendis,</span> <span class='ocrx_word' id='word_1_542' title='bbox 1598 3375 1693 3432; x_wconf 89' lang='lat' dir='ltr'>nul</span> <span class='ocrx_word' id='word_1_543' title='bbox 1719 3392 1809 3433; x_wconf 88' lang='lat' dir='ltr'>um</span> <span class='ocrx_word' id='word_1_544' title='bbox 1844 3393 1957 3446; x_wconf 84' lang='lat' dir='ltr'>post</span> <span class='ocrx_word' id='word_1_545' title='bbox 1981 3375 2125 3435; x_wconf 87' lang='lat' dir='ltr'>hanc</span> 
     </span>
     <span class='ocr_line' id='line_1_47' title="bbox 495 3441 2123 3514; baseline 0.004 -19"><span class='ocrx_word' id='word_1_546' title='bbox 495 3441 668 3513; x_wconf 84' lang='lat' dir='ltr'>legem</span> <span class='ocrx_word' id='word_1_547' title='bbox 713 3442 1046 3513; x_wconf 88' lang='lat' dir='ltr'>triumphum</span> <span class='ocrx_word' id='word_1_548' title='bbox 1084 3442 1395 3510; x_wconf 73' lang='lat' dir='ltr'>habituris3</span> <span class='ocrx_word' id='word_1_549' title='bbox 1444 3459 1559 3514; x_wconf 86' lang='lat' dir='ltr'>aut,</span> <span class='ocrx_word' id='word_1_550' title='bbox 1592 3447 1639 3501; x_wconf 87' lang='lat' dir='ltr'>si</span> <span class='ocrx_word' id='word_1_551' title='bbox 1675 3449 1910 3504; x_wconf 77' lang='lat' dir='ltr'>maxime</span> <span class='ocrx_word' id='word_1_552' title='bbox 1946 3447 2123 3504; x_wconf 89' lang='lat' dir='ltr'>desint</span> 
     </span>
     <span class='ocr_line' id='line_1_48' title="bbox 501 3511 2119 3584; baseline 0.004 -17"><span class='ocrx_word' id='word_1_553' title='bbox 501 3513 730 3584; x_wconf 60' lang='lat' dir='ltr'>insidis,</span> <span class='ocrx_word' id='word_1_554' title='bbox 762 3528 980 3571; x_wconf 81' lang='lat' dir='ltr'>careant</span> <span class='ocrx_word' id='word_1_555' title='bbox 1017 3513 1207 3572; x_wconf 86' lang='lat' dir='ltr'>saltem</span> <span class='ocrx_word' id='word_1_556' title='bbox 1242 3511 1424 3572; x_wconf 62' lang='lat' dir='ltr'>dilecti</span> <span class='ocrx_word' id='word_1_557' title='bbox 1460 3514 1955 3574; x_wconf 74' lang='lat' dir='ltr'>moechimoechaeve</span> <span class='ocrx_word' id='word_1_558' title='bbox 1988 3534 2119 3573; x_wconf 88' lang='lat' dir='ltr'>con-</span> 
     </span>
     <span class='ocr_line' id='line_1_49' title="bbox 487 3580 2124 3657; baseline 0.002 -18"><span class='ocrx_word' id='word_1_559' title='bbox 487 3587 677 3653; x_wconf 80' lang='lat' dir='ltr'>sortie,</span> <span class='ocrx_word' id='word_1_560' title='bbox 715 3603 815 3639; x_wconf 85' lang='lat' dir='ltr'>nec</span> <span class='ocrx_word' id='word_1_561' title='bbox 852 3583 1019 3641; x_wconf 90' lang='lat' dir='ltr'>libere</span> <span class='ocrx_word' id='word_1_562' title='bbox 1055 3585 1382 3657; x_wconf 82' lang='lat' dir='ltr'>licenterque</span> <span class='ocrx_word' id='word_1_563' title='bbox 1403 3583 1509 3640; x_wconf 88' lang='lat' dir='ltr'>illis</span> <span class='ocrx_word' id='word_1_564' title='bbox 1545 3580 1798 3643; x_wconf 84' lang='lat' dir='ltr'>fruantur</span> <span class='ocrx_word' id='word_1_565' title='bbox 1831 3585 2124 3656; x_wconf 83' lang='lat' dir='ltr'>amoribus,</span> 
     </span>
     <span class='ocr_line' id='line_1_50' title="bbox 529 3653 2121 3727; baseline 0.003 -18"><span class='ocrx_word' id='word_1_566' title='bbox 529 3659 582 3709; x_wconf 90' lang='lat' dir='ltr'>ui</span> <span class='ocrx_word' id='word_1_567' title='bbox 616 3669 771 3710; x_wconf 86' lang='lat' dir='ltr'>suum</span> <span class='ocrx_word' id='word_1_568' title='bbox 813 3671 922 3710; x_wconf 87' lang='lat' dir='ltr'>non</span> <span class='ocrx_word' id='word_1_569' title='bbox 961 3653 1256 3726; x_wconf 86' lang='lat' dir='ltr'>honestati,</span> <span class='ocrx_word' id='word_1_570' title='bbox 1295 3658 1385 3714; x_wconf 88' lang='lat' dir='ltr'>sed</span> <span class='ocrx_word' id='word_1_571' title='bbox 1420 3654 1651 3727; x_wconf 89' lang='lat' dir='ltr'>sceleri,</span> <span class='ocrx_word' id='word_1_572' title='bbox 1688 3658 1910 3713; x_wconf 90' lang='lat' dir='ltr'>initium</span> <span class='ocrx_word' id='word_1_573' title='bbox 1944 3656 2121 3714; x_wconf 89' lang='lat' dir='ltr'>debet.</span> 
     </span>
     <span class='ocr_line' id='line_1_51' title="bbox 485 3670 2120 3796; baseline 0.002 -18"><span class='ocrx_word' id='word_1_574' title='bbox 485 3670 754 3779; x_wconf 50' lang='lat' dir='ltr'>henum</span> <span class='ocrx_word' id='word_1_575' title='bbox 790 3721 1056 3789; x_wconf 68' lang='lat' dir='ltr'>Ordinum</span> <span class='ocrx_word' id='word_1_576' title='bbox 1077 3724 1218 3781; x_wconf 88' lang='lat' dir='ltr'>Holl.</span> <span class='ocrx_word' id='word_1_577' title='bbox 1246 3726 1375 3783; x_wconf 76' lang='lat' dir='ltr'>Iulii</span> <span class='ocrx_word' id='word_1_578' title='bbox 1399 3724 1549 3795; x_wconf 84' lang='grc'><strong>1674.</strong></span> <span class='ocrx_word' id='word_1_579' title='bbox 1569 3726 1668 3783; x_wconf 82' lang='lat' dir='ltr'>vol.</span> <span class='ocrx_word' id='word_1_580' title='bbox 1688 3723 1741 3782; x_wconf 80' lang='grc'>5.</span> <span class='ocrx_word' id='word_1_581' title='bbox 1778 3729 1956 3796; x_wconf 79' lang='lat' dir='ltr'>placit.</span> <span class='ocrx_word' id='word_1_582' title='bbox 1977 3726 2120 3785; x_wconf 85' lang='lat' dir='ltr'>Holl.</span> 
     </span>
     <span class='ocr_line' id='line_1_52' title="bbox 481 3790 2972 3921; baseline 0.004 -76"><span class='ocrx_word' id='word_1_583' title='bbox 481 3809 600 3868; x_wconf 81' lang='lat' dir='ltr'>pag.</span> <span class='ocrx_word' id='word_1_584' title='bbox 636 3792 756 3864; x_wconf 87' lang='lat'><strong>507.</strong></span> <span class='ocrx_word' id='word_1_585' title='bbox 788 3790 958 3921; x_wconf 58' lang='lat' dir='ltr'>guod</span> <span class='ocrx_word' id='word_1_586' title='bbox 1013 3796 1069 3854; x_wconf 84' lang='lat'>&amp;</span> <span class='ocrx_word' id='word_1_587' title='bbox 1103 3792 1209 3864; x_wconf 77' lang='lat' dir='ltr'>jam</span> <span class='ocrx_word' id='word_1_588' title='bbox 1264 3808 1426 3855; x_wconf 88' lang='lat' dir='ltr'>antea</span> <span class='ocrx_word' id='word_1_589' title='bbox 1459 3808 1679 3854; x_wconf 86' lang='lat' dir='ltr'>cautum</span> <span class='ocrx_word' id='word_1_590' title='bbox 1736 3793 1914 3854; x_wconf 85' lang='lat' dir='ltr'>fuerat</span> <span class='ocrx_word' id='word_1_591' title='bbox 1946 3794 2123 3855; x_wconf 63' lang='lat' dir='ltr'>edisio</span> <span class='ocrx_word' id='word_1_592' title='bbox 2964 3865 2972 3874; x_wconf 40' lang='grc'>,</span> 
     </span>
     <span class='ocr_line' id='line_1_53' title="bbox 481 3862 3817 3939; baseline 0.002 -24"><span class='ocrx_word' id='word_1_593' title='bbox 481 3863 755 3921; x_wconf 69' lang='lat' dir='ltr'>ordinum</span> <span class='ocrx_word' id='word_1_594' title='bbox 846 3862 1177 3933; x_wconf 76' lang='lat' dir='ltr'>enei-alium,</span> <span class='ocrx_word' id='word_1_595' title='bbox 1217 3864 1657 3939; x_wconf 68' lang='lat' dir='ltr'>Echi-reglemaent</span> <span class='ocrx_word' id='word_1_596' title='bbox 1726 3886 1800 3923; x_wconf 80' lang='lat' dir='ltr'>an</span> <span class='ocrx_word' id='word_1_597' title='bbox 1833 3864 1899 3922; x_wconf 83' lang='lat' dir='ltr'>de</span> <span class='ocrx_word' id='word_1_598' title='bbox 1932 3867 2122 3937; x_wconf 65' lang='lat' dir='ltr'>Statori</span> <span class='ocrx_word' id='word_1_599' title='bbox 2177 3862 2243 3926; x_wconf 62' lang='grc' dir='ltr'>ά*</span> <span class='ocrx_word' id='word_1_600' title='bbox 2277 3862 2364 3920; x_wconf 80' lang='lat' dir='ltr'>lib.</span> <span class='ocrx_word' id='word_1_601' title='bbox 2410 3882 2451 3920; x_wconf 83' lang='lat'>1.</span> <span class='ocrx_word' id='word_1_602' title='bbox 2488 3862 2615 3931; x_wconf 66' lang='lat' dir='ltr'>div.</span> <span class='ocrx_word' id='word_1_603' title='bbox 2649 3862 2701 3918; x_wconf 78' lang='grc'>8.</span> <span class='ocrx_word' id='word_1_604' title='bbox 2741 3884 2791 3918; x_wconf 86' lang='lat' dir='ltr'>n.</span> <span class='ocrx_word' id='word_1_605' title='bbox 2824 3864 2901 3921; x_wconf 81' lang='lat'>15.</span> <span class='ocrx_word' id='word_1_606' title='bbox 2941 3872 3007 3926; x_wconf 65' lang='lat'>(9⁹</span> <span class='ocrx_word' id='word_1_607' title='bbox 3044 3885 3179 3937; x_wconf 72' lang='lat' dir='ltr'>reqq.</span> <span class='ocrx_word' id='word_1_608' title='bbox 3234 3862 3537 3922; x_wconf 72' lang='lat' dir='ltr'>Heni-icum</span> <span class='ocrx_word' id='word_1_609' title='bbox 3572 3864 3817 3926; x_wconf 65' lang='lat' dir='ltr'>Bromi*</span> 
     </span>
     <span class='ocr_line' id='line_1_54' title="bbox 489 3887 3817 4063; baseline 0.002 -75"><span class='ocrx_word' id='word_1_610' title='bbox 489 3933 761 3991; x_wconf 63' lang='lat' dir='ltr'>Gener-aa!</span> <span class='ocrx_word' id='word_1_611' title='bbox 803 3932 882 3990; x_wconf 70' lang='lat'>18.</span> <span class='ocrx_word' id='word_1_612' title='bbox 923 3934 1126 3990; x_wconf 78' lang='lat' dir='ltr'>Martii</span> <span class='ocrx_word' id='word_1_613' title='bbox 1173 3934 1321 3994; x_wconf 79' lang='lat'>1656.</span> <span class='ocrx_word' id='word_1_614' title='bbox 1357 3950 1466 3992; x_wconf 80' lang='lat' dir='ltr'>art.</span> <span class='ocrx_word' id='word_1_615' title='bbox 1485 3931 1573 3992; x_wconf 78' lang='lat'>35.</span> <span class='ocrx_word' id='word_1_616' title='bbox 1615 3887 1726 3995; x_wconf 61' lang='lat' dir='ltr'>voX</span> <span class='ocrx_word' id='word_1_617' title='bbox 1734 3954 1782 3991; x_wconf 89' lang='lat'>2.</span> <span class='ocrx_word' id='word_1_618' title='bbox 1818 3935 2063 4063; x_wconf 40' lang='lat' dir='ltr'>paga&amp;</span> <span class='ocrx_word' id='word_1_619' title='bbox 2103 3950 2127 3993; x_wconf 89' lang='grc'>.·</span> <span class='ocrx_word' id='word_1_620' title='bbox 2174 3933 2238 3988; x_wconf 73' lang='grc' dir='ltr'>Δι’</span> <span class='ocrx_word' id='word_1_621' title='bbox 2262 3936 2393 4005; x_wconf 64' lang='lat' dir='ltr'>jum</span> <span class='ocrx_word' id='word_1_622' title='bbox 2412 3932 2786 3992; x_wconf 77' lang='lat' dir='ltr'>connubiorum</span> <span class='ocrx_word' id='word_1_623' title='bbox 2805 3934 2892 3991; x_wconf 77' lang='lat' dir='ltr'>lib.</span> <span class='ocrx_word' id='word_1_624' title='bbox 2918 3952 2969 3990; x_wconf 86' lang='lat'>2.</span> <span class='ocrx_word' id='word_1_625' title='bbox 2991 3955 3032 3990; x_wconf 86' lang='lat' dir='ltr'>c.</span> <span class='ocrx_word' id='word_1_626' title='bbox 3053 3933 3105 4002; x_wconf 83' lang='grc'>4.</span> <span class='ocrx_word' id='word_1_627' title='bbox 3145 3936 3327 3993; x_wconf 83' lang='lat' dir='ltr'>Avurn</span> <span class='ocrx_word' id='word_1_628' title='bbox 3362 3950 3542 4019; x_wconf 61' lang='lat' dir='ltr'>mctmg</span> <span class='ocrx_word' id='word_1_629' title='bbox 3577 3936 3817 3997; x_wconf 84' lang='lat' dir='ltr'>Gisber-</span> 
     </span>
     <span class='ocr_line' id='line_1_55' title="bbox 482 4002 3816 4077; baseline 0.004 -24"><span class='ocrx_word' id='word_1_630' title='bbox 482 4022 581 4059; x_wconf 83' lang='lat' dir='ltr'>nec</span> <span class='ocrx_word' id='word_1_631' title='bbox 620 4023 730 4062; x_wconf 80' lang='lat' dir='ltr'>non</span> <span class='ocrx_word' id='word_1_632' title='bbox 767 4002 967 4072; x_wconf 79' lang='lat' dir='ltr'>placito</span> <span class='ocrx_word' id='word_1_633' title='bbox 998 4004 1270 4063; x_wconf 81' lang='lat' dir='ltr'>Ordinum</span> <span class='ocrx_word' id='word_1_634' title='bbox 1287 4003 1558 4063; x_wconf 59' lang='lat' dir='ltr'>Zelandix</span> <span class='ocrx_word' id='word_1_635' title='bbox 1601 4004 1678 4063; x_wconf 76' lang='grc'><strong>18.</strong></span> <span class='ocrx_word' id='word_1_636' title='bbox 1723 4008 1927 4065; x_wconf 71' lang='lat' dir='ltr'>Manu·</span> <span class='ocrx_word' id='word_1_637' title='bbox 1966 4026 1982 4064; x_wconf 84' lang='lat'>1</span> <span class='ocrx_word' id='word_1_638' title='bbox 2103 4050 2113 4062; x_wconf 88' lang='lat'>.</span> <span class='ocrx_word' id='word_1_639' title='bbox 2173 4016 2291 4061; x_wconf 86' lang='lat' dir='ltr'>tum</span> <span class='ocrx_word' id='word_1_640' title='bbox 2313 4004 2569 4062; x_wconf 74' lang='lat' dir='ltr'>Voetium</span> <span class='ocrx_word' id='word_1_641' title='bbox 2600 4006 2814 4074; x_wconf 63' lang='lat' dir='ltr'>politice</span> <span class='ocrx_word' id='word_1_642' title='bbox 2852 4003 3561 4077; x_wconf 62' lang='lat' dir='ltr'>ecclesianicaepar.1.l.²b.o.</span> <span class='ocrx_word' id='word_1_643' title='bbox 3588 4011 3816 4067; x_wconf 53' lang='lat' dir='ltr'>tralli-</span> 
     </span>
     <span class='ocr_line' id='line_1_56' title="bbox 480 4069 3797 4162; baseline 0.002 -34"><span class='ocrx_word' id='word_1_644' title='bbox 480 4092 586 4130; x_wconf 66' lang='grc' dir='ltr'><strong>αντ.</strong></span> <span class='ocrx_word' id='word_1_645' title='bbox 614 4094 695 4133; x_wconf 90' lang='grc'>12.</span> <span class='ocrx_word' id='word_1_646' title='bbox 735 4075 832 4131; x_wconf 79' lang='lat' dir='ltr'>vol.</span> <span class='ocrx_word' id='word_1_647' title='bbox 854 4069 905 4130; x_wconf 80' lang='lat'>3.</span> <span class='ocrx_word' id='word_1_648' title='bbox 939 4076 1118 4144; x_wconf 77' lang='lat' dir='ltr'>placit.</span> <span class='ocrx_word' id='word_1_649' title='bbox 1139 4076 1391 4134; x_wconf 81' lang='lat' dir='ltr'>Holland.</span> <span class='ocrx_word' id='word_1_650' title='bbox 1409 4073 1656 4162; x_wconf 69' lang='lat' dir='ltr'>pag.593.</span> <span class='ocrx_word' id='word_1_651' title='bbox 1691 4074 1898 4135; x_wconf 83' lang='lat' dir='ltr'>Confer</span> <span class='ocrx_word' id='word_1_652' title='bbox 1932 4075 2116 4134; x_wconf 81' lang='lat' dir='ltr'>Avurn</span> <span class='ocrx_word' id='word_1_653' title='bbox 2172 4072 2234 4128; x_wconf 80' lang='lat' dir='ltr'>de</span> <span class='ocrx_word' id='word_1_654' title='bbox 2272 4076 2616 4131; x_wconf 68' lang='lat' dir='ltr'>matrimonio</span> <span class='ocrx_word' id='word_1_655' title='bbox 2650 4078 2775 4132; x_wconf 69' lang='lat' dir='ltr'>sto‘l.</span> <span class='ocrx_word' id='word_1_656' title='bbox 2813 4090 2861 4130; x_wconf 83' lang='lat'>2.</span> <span class='ocrx_word' id='word_1_657' title='bbox 2918 4096 2982 4132; x_wconf 80' lang='lat' dir='ltr'>ca</span> <span class='ocrx_word' id='word_1_658' title='bbox 3018 4118 3031 4130; x_wconf 93' lang='lat'>.</span> <span class='ocrx_word' id='word_1_659' title='bbox 3077 4092 3120 4132; x_wconf 92' lang='grc'>1.</span> <span class='ocrx_word' id='word_1_660' title='bbox 3173 4070 3226 4152; x_wconf 59' lang='grc' dir='ltr'>ᾗ.</span> <span class='ocrx_word' id='word_1_661' title='bbox 3266 4094 3314 4133; x_wconf 88' lang='grc'>2.</span> <span class='ocrx_word' id='word_1_662' title='bbox 3352 4095 3529 4148; x_wconf 63' lang='grc' dir='ltr'><strong>φησι.</strong></span> <span class='ocrx_word' id='word_1_663' title='bbox 3569 4093 3617 4134; x_wconf 80' lang='grc'>2.</span> <span class='ocrx_word' id='word_1_664' title='bbox 3650 4078 3724 4143; x_wconf 59' lang='grc' dir='ltr'>θ</span> <span class='ocrx_word' id='word_1_665' title='bbox 3758 4076 3797 4135; x_wconf 77' lang='lat'>3</span> 
     </span>
     <span class='ocr_line' id='line_1_57' title="bbox 481 4140 3817 4225; baseline 0.001 -25"><span class='ocrx_word' id='word_1_666' title='bbox 481 4162 664 4201; x_wconf 87' lang='lat' dir='ltr'>meum</span> <span class='ocrx_word' id='word_1_667' title='bbox 703 4164 751 4213; x_wconf 87' lang='lat' dir='ltr'>p.</span> <span class='ocrx_word' id='word_1_668' title='bbox 786 4161 943 4201; x_wconf 85' lang='lat' dir='ltr'>mem.</span> <span class='ocrx_word' id='word_1_669' title='bbox 981 4145 1299 4204; x_wconf 85' lang='lat' dir='ltr'>Gisbertum</span> <span class='ocrx_word' id='word_1_670' title='bbox 1334 4144 1592 4213; x_wconf 78' lang='lat' dir='ltr'>Vectium</span> <span class='ocrx_word' id='word_1_671' title='bbox 1621 4148 1837 4218; x_wconf 75' lang='lat' dir='ltr'>politica</span> <span class='ocrx_word' id='word_1_672' title='bbox 1867 4147 2113 4204; x_wconf 74' lang='lat' dir='ltr'>ecclesia·</span> <span class='ocrx_word' id='word_1_673' title='bbox 2173 4144 2311 4201; x_wconf 85' lang='lat' dir='ltr'>Ant.</span> <span class='ocrx_word' id='word_1_674' title='bbox 2347 4140 2667 4203; x_wconf 78' lang='lat' dir='ltr'>Matthaeum</span> <span class='ocrx_word' id='word_1_675' title='bbox 2698 4162 2914 4214; x_wconf 76' lang='lat' dir='ltr'>paraem.</span> <span class='ocrx_word' id='word_1_676' title='bbox 3003 4145 3240 4225; x_wconf 52' lang='lat' dir='ltr'>elgar-um</span> <span class='ocrx_word' id='word_1_677' title='bbox 3277 4149 3549 4206; x_wconf 72' lang='lat' dir='ltr'>fariseam.</span> <span class='ocrx_word' id='word_1_678' title='bbox 3575 4165 3624 4206; x_wconf 82' lang='lat'>2.</span> <span class='ocrx_word' id='word_1_679' title='bbox 3648 4174 3705 4207; x_wconf 80' lang='lat' dir='ltr'>n.</span> <span class='ocrx_word' id='word_1_680' title='bbox 3728 4149 3817 4209; x_wconf 53' lang='grc' dir='ltr'>ᾖ.</span> 
     </span>
     <span class='ocr_line' id='line_1_58' title="bbox 487 4212 3820 4295; baseline 0.005 -27"><span class='ocrx_word' id='word_1_681' title='bbox 487 4218 630 4271; x_wconf 79' lang='lat' dir='ltr'>5ticae</span> <span class='ocrx_word' id='word_1_682' title='bbox 663 4233 776 4285; x_wconf 76' lang='lat' dir='ltr'>par.</span> <span class='ocrx_word' id='word_1_683' title='bbox 808 4234 850 4272; x_wconf 89' lang='lat'>1.</span> <span class='ocrx_word' id='word_1_684' title='bbox 874 4214 963 4271; x_wconf 77' lang='lat' dir='ltr'>lib.</span> <span class='ocrx_word' id='word_1_685' title='bbox 985 4212 1036 4271; x_wconf 80' lang='lat'>3.</span> <span class='ocrx_word' id='word_1_686' title='bbox 1073 4218 1233 4283; x_wconf 56' lang='lat' dir='ltr'>mail.</span> <span class='ocrx_word' id='word_1_687' title='bbox 1261 4236 1304 4274; x_wconf 87' lang='lat'>1.</span> <span class='ocrx_word' id='word_1_688' title='bbox 1343 4216 1406 4291; x_wconf 69' lang='lat' dir='ltr'>de</span> <span class='ocrx_word' id='word_1_689' title='bbox 1427 4219 1766 4274; x_wconf 76' lang='lat' dir='ltr'>matrimonio</span> <span class='ocrx_word' id='word_1_690' title='bbox 1783 4218 1906 4274; x_wconf 62' lang='lat' dir='ltr'>seb?-</span> <span class='ocrx_word' id='word_1_691' title='bbox 1927 4233 1978 4272; x_wconf 84' lang='lat'>2.</span> <span class='ocrx_word' id='word_1_692' title='bbox 1995 4237 2039 4277; x_wconf 74' lang='lat' dir='ltr'>e.</span> <span class='ocrx_word' id='word_1_693' title='bbox 2061 4233 2108 4273; x_wconf 77' lang='grc'>2.</span> <span class='ocrx_word' id='word_1_694' title='bbox 2169 4213 2308 4273; x_wconf 87' lang='lat' dir='ltr'>DD.</span> <span class='ocrx_word' id='word_1_695' title='bbox 2347 4215 2429 4269; x_wconf 79' lang='lat' dir='ltr'>ad</span> <span class='ocrx_word' id='word_1_696' title='bbox 2454 4220 2539 4272; x_wconf 77' lang='lat' dir='ltr'>tit:</span> <span class='ocrx_word' id='word_1_697' title='bbox 2578 4215 2928 4275; x_wconf 77' lang='lat' dir='ltr'>decretalium</span> <span class='ocrx_word' id='word_1_698' title='bbox 2980 4215 3046 4271; x_wconf 78' lang='lat' dir='ltr'>de</span> <span class='ocrx_word' id='word_1_699' title='bbox 3079 4216 3299 4293; x_wconf 68' lang='lat' dir='ltr'>frigidis·</span> <span class='ocrx_word' id='word_1_700' title='bbox 3351 4215 3419 4280; x_wconf 67' lang='lat'>(5</span> <span class='ocrx_word' id='word_1_701' title='bbox 3468 4220 3820 4295; x_wconf 65' lang='lat' dir='ltr'>maleficiam</span> 
     </span>
     <span class='ocr_line' id='line_1_59' title="bbox 483 4282 2854 4372; baseline 0.004 -31"><span class='ocrx_word' id='word_1_702' title='bbox 483 4305 634 4341; x_wconf 78' lang='lat' dir='ltr'>num.</span> <span class='ocrx_word' id='word_1_703' title='bbox 657 4286 708 4355; x_wconf 86' lang='grc'>4.</span> <span class='ocrx_word' id='word_1_704' title='bbox 751 4304 846 4342; x_wconf 88' lang='lat' dir='ltr'>nec</span> <span class='ocrx_word' id='word_1_705' title='bbox 883 4286 1030 4345; x_wconf 85' lang='lat' dir='ltr'>aliud</span> <span class='ocrx_word' id='word_1_706' title='bbox 1065 4290 1352 4347; x_wconf 84' lang='lat' dir='ltr'>dicendum</span> <span class='ocrx_word' id='word_1_707' title='bbox 1392 4289 1602 4346; x_wconf 82' lang='lat' dir='ltr'>videtur</span> <span class='ocrx_word' id='word_1_708' title='bbox 1637 4289 1703 4345; x_wconf 89' lang='lat' dir='ltr'>de</span> <span class='ocrx_word' id='word_1_709' title='bbox 1721 4305 1805 4358; x_wconf 83' lang='lat' dir='ltr'>ee,</span> <span class='ocrx_word' id='word_1_710' title='bbox 1833 4291 1924 4357; x_wconf 83' lang='lat' dir='ltr'>qui</span> <span class='ocrx_word' id='word_1_711' title='bbox 1945 4291 2110 4372; x_wconf 78' lang='lat' dir='ltr'>priori</span> <span class='ocrx_word' id='word_1_712' title='bbox 2167 4282 2235 4347; x_wconf 63' lang='grc' dir='ltr'>θ’</span> <span class='ocrx_word' id='word_1_713' title='bbox 2270 4286 2583 4354; x_wconf 60' lang='lat' dir='ltr'>impotentia</span> <span class='ocrx_word' id='word_1_714' title='bbox 2619 4284 2854 4342; x_wconf 79' lang='lat' dir='ltr'>coeundi.</span> 
     </span>
     <span class='ocr_line' id='line_1_60' title="bbox 483 4353 3817 4431; baseline 0.002 -20"><span class='ocrx_word' id='word_1_715' title='bbox 483 4362 638 4411; x_wconf 67' lang='lat' dir='ltr'>umori</span> <span class='ocrx_word' id='word_1_716' title='bbox 677 4356 852 4414; x_wconf 83' lang='lat' dir='ltr'>adhuc</span> <span class='ocrx_word' id='word_1_717' title='bbox 890 4357 1099 4416; x_wconf 81' lang='lat' dir='ltr'>viventi</span> <span class='ocrx_word' id='word_1_718' title='bbox 1133 4356 1361 4415; x_wconf 88' lang='lat' dir='ltr'>alteram</span> <span class='ocrx_word' id='word_1_719' title='bbox 1396 4358 1782 4426; x_wconf 86' lang='lat' dir='ltr'>superinducit,</span> <span class='ocrx_word' id='word_1_720' title='bbox 1818 4374 1881 4413; x_wconf 90' lang='lat' dir='ltr'>ac</span> <span class='ocrx_word' id='word_1_721' title='bbox 1915 4376 1966 4414; x_wconf 76' lang='lat' dir='ltr'>ei</span> <span class='ocrx_word' id='word_1_722' title='bbox 2001 4377 2111 4417; x_wconf 89' lang='lat' dir='ltr'>sese</span> <span class='ocrx_word' id='word_1_723' title='bbox 2241 4370 2328 4431; x_wconf 87' lang='lat'>29.</span> <span class='ocrx_word' id='word_1_724' title='bbox 2371 4353 2636 4425; x_wconf 70' lang='lat' dir='ltr'>Praecipue</span> <span class='ocrx_word' id='word_1_725' title='bbox 2674 4374 2802 4416; x_wconf 85' lang='lat' dir='ltr'>vero</span> <span class='ocrx_word' id='word_1_726' title='bbox 2841 4360 3043 4427; x_wconf 84' lang='lat' dir='ltr'>nuptiis</span> <span class='ocrx_word' id='word_1_727' title='bbox 3077 4358 3464 4429; x_wconf 83' lang='lat' dir='ltr'>impedimento</span> <span class='ocrx_word' id='word_1_728' title='bbox 3498 4381 3526 4417; x_wconf 90' lang='lat' dir='ltr'>e</span> <span class='ocrx_word' id='word_1_729' title='bbox 3554 4374 3577 4419; x_wconf 90' lang='lat' dir='ltr'>t</span> <span class='ocrx_word' id='word_1_730' title='bbox 3615 4367 3817 4420; x_wconf 77' lang='lat' dir='ltr'>vincu-</span> 
     </span>
     <span class='ocr_line' id='line_1_61' title="bbox 481 4424 3817 4515; baseline 0.001 -34"><span class='ocrx_word' id='word_1_731' title='bbox 481 4428 729 4483; x_wconf 76' lang='lat' dir='ltr'>miscuit:</span> <span class='ocrx_word' id='word_1_732' title='bbox 785 4443 907 4483; x_wconf 87' lang='lat' dir='ltr'>cum</span> <span class='ocrx_word' id='word_1_733' title='bbox 956 4426 1192 4500; x_wconf 85' lang='lat' dir='ltr'>bigamia</span> <span class='ocrx_word' id='word_1_734' title='bbox 1243 4427 1565 4485; x_wconf 82' lang='lat' dir='ltr'>simultanea</span> <span class='ocrx_word' id='word_1_735' title='bbox 1617 4426 1873 4484; x_wconf 88' lang='lat' dir='ltr'>adulterii</span> <span class='ocrx_word' id='word_1_736' title='bbox 1928 4444 2108 4515; x_wconf 75' lang='lat' dir='ltr'>poenas</span> <span class='ocrx_word' id='word_1_737' title='bbox 2166 4424 2276 4493; x_wconf 86' lang='lat' dir='ltr'>lum</span> <span class='ocrx_word' id='word_1_738' title='bbox 2315 4426 2478 4484; x_wconf 87' lang='lat' dir='ltr'>nimis</span> <span class='ocrx_word' id='word_1_739' title='bbox 2514 4424 2725 4485; x_wconf 59' lang='lat' dir='ltr'>areium</span> <span class='ocrx_word' id='word_1_740' title='bbox 2759 4428 3106 4500; x_wconf 83' lang='lat' dir='ltr'>cognationis</span> <span class='ocrx_word' id='word_1_741' title='bbox 3124 4427 3210 4488; x_wconf 88' lang='lat' dir='ltr'>vel</span> <span class='ocrx_word' id='word_1_742' title='bbox 3243 4427 3543 4499; x_wconf 79' lang='lat' dir='ltr'>affinitatis.</span> <span class='ocrx_word' id='word_1_743' title='bbox 3712 4452 3817 4490; x_wconf 72' lang='lat' dir='ltr'>na-</span> 
     </span>
     <span class='ocr_line' id='line_1_62' title="bbox 477 4495 3817 4574; baseline 0.003 -23"><span class='ocrx_word' id='word_1_744' title='bbox 477 4506 761 4567; x_wconf 79' lang='lat' dir='ltr'>mereatur,</span> <span class='ocrx_word' id='word_1_745' title='bbox 797 4510 857 4554; x_wconf 90' lang='lat' dir='ltr'>ut</span> <span class='ocrx_word' id='word_1_746' title='bbox 890 4515 1049 4566; x_wconf 82' lang='lat' dir='ltr'>supra</span> <span class='ocrx_word' id='word_1_747' title='bbox 1084 4496 1133 4554; x_wconf 82' lang='lat' dir='ltr'>b.</span> <span class='ocrx_word' id='word_1_748' title='bbox 1157 4515 1196 4554; x_wconf 80' lang='lat' dir='ltr'>t.</span> <span class='ocrx_word' id='word_1_749' title='bbox 1233 4519 1381 4556; x_wconf 79' lang='lat' dir='ltr'>num.</span> <span class='ocrx_word' id='word_1_750' title='bbox 1407 4516 1453 4555; x_wconf 75' lang='lat' dir='ltr'>r.</span> <span class='ocrx_word' id='word_1_751' title='bbox 1487 4495 1832 4555; x_wconf 54' lang='lat' dir='ltr'>obesi-vatum</span> <span class='ocrx_word' id='word_1_752' title='bbox 1869 4496 2013 4569; x_wconf 67' lang='lat' dir='ltr'>fixit,</span> <span class='ocrx_word' id='word_1_753' title='bbox 2048 4502 2101 4558; x_wconf 65' lang='lat' dir='ltr'>&amp;e</span> <span class='ocrx_word' id='word_1_754' title='bbox 2163 4497 2244 4552; x_wconf 89' lang='lat' dir='ltr'>tio</span> <span class='ocrx_word' id='word_1_755' title='bbox 2278 4509 2358 4555; x_wconf 92' lang='lat' dir='ltr'>est</span> <span class='ocrx_word' id='word_1_756' title='bbox 2396 4501 2716 4565; x_wconf 74' lang='lat' dir='ltr'>proximitas</span> <span class='ocrx_word' id='word_1_757' title='bbox 2751 4503 3045 4570; x_wconf 84' lang='lat' dir='ltr'>sanguinis,</span> <span class='ocrx_word' id='word_1_758' title='bbox 3079 4513 3205 4557; x_wconf 83' lang='lat' dir='ltr'>orta</span> <span class='ocrx_word' id='word_1_759' title='bbox 3242 4517 3306 4570; x_wconf 81' lang='lat' dir='ltr'>ex</span> <span class='ocrx_word' id='word_1_760' title='bbox 3327 4517 3411 4571; x_wconf 82' lang='lat' dir='ltr'>e0,</span> <span class='ocrx_word' id='word_1_761' title='bbox 3445 4504 3587 4569; x_wconf 78' lang='lat' dir='ltr'>quod</span> <span class='ocrx_word' id='word_1_762' title='bbox 3627 4524 3663 4574; x_wconf 88' lang='lat' dir='ltr'>p</span> <span class='ocrx_word' id='word_1_763' title='bbox 3689 4523 3817 4562; x_wconf 87' lang='lat' dir='ltr'>ures</span> 
     </span>
     <span class='ocr_line' id='line_1_63' title="bbox 481 4565 3817 4651; baseline 0.003 -30"><span class='ocrx_word' id='word_1_764' title='bbox 481 4566 590 4625; x_wconf 74' lang='lat' dir='ltr'>haec</span> <span class='ocrx_word' id='word_1_765' title='bbox 625 4571 932 4636; x_wconf 84' lang='lat' dir='ltr'>nuptiarum</span> <span class='ocrx_word' id='word_1_766' title='bbox 966 4565 1262 4638; x_wconf 86' lang='lat' dir='ltr'>prohibitio</span> <span class='ocrx_word' id='word_1_767' title='bbox 1294 4570 1462 4626; x_wconf 89' lang='lat' dir='ltr'>etiam</span> <span class='ocrx_word' id='word_1_768' title='bbox 1499 4583 1658 4635; x_wconf 72' lang='lat' dir='ltr'>poenae</span> <span class='ocrx_word' id='word_1_769' title='bbox 1684 4584 1803 4636; x_wconf 76' lang='lat' dir='ltr'>pars</span> <span class='ocrx_word' id='word_1_770' title='bbox 1820 4571 1925 4634; x_wconf 82' lang='lat' dir='ltr'>sit3</span> <span class='ocrx_word' id='word_1_771' title='bbox 1960 4571 2101 4640; x_wconf 86' lang='lat' dir='ltr'>quod</span> <span class='ocrx_word' id='word_1_772' title='bbox 2159 4583 2445 4624; x_wconf 88' lang='lat' dir='ltr'>commune</span> <span class='ocrx_word' id='word_1_773' title='bbox 2484 4567 2737 4626; x_wconf 88' lang='lat' dir='ltr'>nascendi</span> <span class='ocrx_word' id='word_1_774' title='bbox 2811 4569 3096 4638; x_wconf 87' lang='lat' dir='ltr'>rincipium</span> <span class='ocrx_word' id='word_1_775' title='bbox 3152 4567 3388 4638; x_wconf 82' lang='lat' dir='ltr'>habent,</span> <span class='ocrx_word' id='word_1_776' title='bbox 3423 4569 3461 4625; x_wconf 79' lang='lat' dir='ltr'>l.</span> <span class='ocrx_word' id='word_1_777' title='bbox 3503 4593 3606 4630; x_wconf 84' lang='lat' dir='ltr'>non</span> <span class='ocrx_word' id='word_1_778' title='bbox 3606 4572 3817 4651; x_wconf 78' lang='lat' dir='ltr'>facile</span> 
     </span>
     <span class='ocr_line' id='line_1_64' title="bbox 472 4631 3815 4718; baseline 0.002 -28"><span class='ocrx_word' id='word_1_779' title='bbox 472 4646 525 4697; x_wconf 69' lang='grc' dir='ltr'>ἁ</span> <span class='ocrx_word' id='word_1_780' title='bbox 567 4633 971 4705; x_wconf 76' lang='lat' dir='ltr'>juriGanonico</span> <span class='ocrx_word' id='word_1_781' title='bbox 1003 4640 1333 4696; x_wconf 81' lang='lat' dir='ltr'>conveniens</span> <span class='ocrx_word' id='word_1_782' title='bbox 1366 4650 1471 4706; x_wconf 89' lang='lat' dir='ltr'>est,</span> <span class='ocrx_word' id='word_1_783' title='bbox 1502 4652 1616 4706; x_wconf 83' lang='lat' dir='ltr'>cap.</span> <span class='ocrx_word' id='word_1_784' title='bbox 1654 4658 1716 4692; x_wconf 77' lang='lat' dir='ltr'>ex</span> <span class='ocrx_word' id='word_1_785' title='bbox 1743 4638 2028 4711; x_wconf 70' lang='lat' dir='ltr'>litei-arum</span> <span class='ocrx_word' id='word_1_786' title='bbox 2046 4638 2097 4708; x_wconf 93' lang='lat'>4.</span> <span class='ocrx_word' id='word_1_787' title='bbox 2158 4634 2210 4718; x_wconf 77' lang='lat'>4.</span> <span class='ocrx_word' id='word_1_788' title='bbox 2245 4631 2301 4707; x_wconf 78' lang='lat'>§.</span> <span class='ocrx_word' id='word_1_789' title='bbox 2349 4652 2393 4694; x_wconf 91' lang='grc'>1.</span> <span class='ocrx_word' id='word_1_790' title='bbox 2417 4635 2492 4705; x_wconf 73' lang='lat' dir='ltr'><em>ff</em></span> <span class='ocrx_word' id='word_1_791' title='bbox 2544 4636 2609 4692; x_wconf 82' lang='lat' dir='ltr'>de</span> <span class='ocrx_word' id='word_1_792' title='bbox 2633 4656 2735 4712; x_wconf 76' lang='lat' dir='ltr'>gra</span> <span class='ocrx_word' id='word_1_793' title='bbox 2775 4635 2844 4692; x_wconf 76' lang='lat' dir='ltr'>ib.</span> <span class='ocrx_word' id='word_1_794' title='bbox 2902 4634 2969 4699; x_wconf 65' lang='grc' dir='ltr'>Θ</span> <span class='ocrx_word' id='word_1_795' title='bbox 3003 4636 3145 4709; x_wconf 78' lang='lat' dir='ltr'>affin.</span> <span class='ocrx_word' id='word_1_796' title='bbox 3200 4637 3517 4705; x_wconf 79' lang='lat' dir='ltr'>Affinitatis</span> <span class='ocrx_word' id='word_1_797' title='bbox 3549 4658 3631 4702; x_wconf 80' lang='lat' dir='ltr'>est</span> <span class='ocrx_word' id='word_1_798' title='bbox 3668 4665 3815 4704; x_wconf 81' lang='lat' dir='ltr'>con-</span> 
     </span>
     <span class='ocr_line' id='line_1_65' title="bbox 469 4706 3815 4781; baseline 0.004 -21"><span class='ocrx_word' id='word_1_799' title='bbox 469 4725 581 4777; x_wconf 67' lang='lat' dir='ltr'>cap.</span> <span class='ocrx_word' id='word_1_800' title='bbox 621 4708 673 4764; x_wconf 84' lang='lat'>5.</span> <span class='ocrx_word' id='word_1_801' title='bbox 729 4708 830 4769; x_wconf 69' lang='lat' dir='ltr'>ult.</span> <span class='ocrx_word' id='word_1_802' title='bbox 858 4726 1012 4764; x_wconf 73' lang='lat' dir='ltr'>extra</span> <span class='ocrx_word' id='word_1_803' title='bbox 1047 4707 1112 4763; x_wconf 79' lang='lat' dir='ltr'>de</span> <span class='ocrx_word' id='word_1_804' title='bbox 1144 4730 1201 4763; x_wconf 82' lang='lat' dir='ltr'>eo</span> <span class='ocrx_word' id='word_1_805' title='bbox 1236 4711 1327 4780; x_wconf 77' lang='lat' dir='ltr'>qui</span> <span class='ocrx_word' id='word_1_806' title='bbox 1359 4706 1509 4764; x_wconf 77' lang='lat' dir='ltr'>duxit</span> <span class='ocrx_word' id='word_1_807' title='bbox 1544 4710 1601 4764; x_wconf 78' lang='lat' dir='ltr'>in</span> <span class='ocrx_word' id='word_1_808' title='bbox 1635 4713 1877 4765; x_wconf 77' lang='lat' dir='ltr'>matrim.</span> <span class='ocrx_word' id='word_1_809' title='bbox 1933 4729 2099 4780; x_wconf 63' lang='lat' dir='ltr'>quam</span> <span class='ocrx_word' id='word_1_810' title='bbox 2158 4706 2360 4775; x_wconf 61' lang='lat' dir='ltr'>sunnio</span> <span class='ocrx_word' id='word_1_811' title='bbox 2395 4707 2607 4764; x_wconf 88' lang='lat' dir='ltr'>ratione</span> <span class='ocrx_word' id='word_1_812' title='bbox 2641 4708 2978 4777; x_wconf 84' lang='lat' dir='ltr'>matrimonii</span> <span class='ocrx_word' id='word_1_813' title='bbox 2999 4709 3141 4770; x_wconf 88' lang='lat' dir='ltr'>inter</span> <span class='ocrx_word' id='word_1_814' title='bbox 3173 4710 3451 4781; x_wconf 57' lang='lat' dir='ltr'>coniurent</span> <span class='ocrx_word' id='word_1_815' title='bbox 3487 4722 3543 4778; x_wconf 66' lang='lat' dir='ltr'>&amp;r</span> <span class='ocrx_word' id='word_1_816' title='bbox 3580 4715 3815 4775; x_wconf 80' lang='lat' dir='ltr'>alterius</span> 
     </span>
     <span class='ocr_line' id='line_1_66' title="bbox 464 4772 3807 4854; baseline 0.004 -23"><span class='ocrx_word' id='word_1_817' title='bbox 464 4778 646 4851; x_wconf 74' lang='lat' dir='ltr'>polluit</span> <span class='ocrx_word' id='word_1_818' title='bbox 675 4793 766 4848; x_wconf 72' lang='lat' dir='ltr'>pee-</span> <span class='ocrx_word' id='word_1_819' title='bbox 801 4776 971 4836; x_wconf 82' lang='lat' dir='ltr'>adult.</span> <span class='ocrx_word' id='word_1_820' title='bbox 1026 4778 1190 4850; x_wconf 77' lang='lat' dir='ltr'>Quod</span> <span class='ocrx_word' id='word_1_821' title='bbox 1226 4779 1271 4836; x_wconf 89' lang='lat' dir='ltr'>si</span> <span class='ocrx_word' id='word_1_822' title='bbox 1306 4778 1443 4838; x_wconf 82' lang='lat' dir='ltr'>desit</span> <span class='ocrx_word' id='word_1_823' title='bbox 1477 4777 1693 4852; x_wconf 72' lang='lat' dir='ltr'>quidem</span> <span class='ocrx_word' id='word_1_824' title='bbox 1727 4776 2056 4839; x_wconf 83' lang='lat' dir='ltr'>adulterium</span> <span class='ocrx_word' id='word_1_825' title='bbox 2078 4823 2096 4854; x_wconf 88' lang='lat'>,</span> <span class='ocrx_word' id='word_1_826' title='bbox 2152 4775 2399 4853; x_wconf 78' lang='lat' dir='ltr'>conjugis</span> <span class='ocrx_word' id='word_1_827' title='bbox 2433 4789 2708 4853; x_wconf 84' lang='lat' dir='ltr'>cognatos.</span> <span class='ocrx_word' id='word_1_828' title='bbox 2748 4775 2812 4836; x_wconf 90' lang='lat' dir='ltr'>In</span> <span class='ocrx_word' id='word_1_829' title='bbox 2832 4781 3155 4851; x_wconf 86' lang='lat' dir='ltr'>cognatione</span> <span class='ocrx_word' id='word_1_830' title='bbox 3191 4772 3599 4849; x_wconf 47' lang='lat' dir='ltr'>considerantis</span> <span class='ocrx_word' id='word_1_831' title='bbox 3640 4784 3807 4847; x_wconf 63' lang='lat' dir='ltr'>linea:</span> 
     </span>
    </p>
   </div>
   <div class='ocr_carea' id='block_1_11' title="bbox 2136 1667 2175 4023">
    <p class='ocr_par' dir='ltr' id='par_1_11' title="bbox 2136 1667 2175 4023">
     <span class='ocr_line' id='line_1_67' title="bbox 2154 1667 2175 1927; baseline 0 -1"><span class='ocrx_word' id='word_1_832' title='bbox 2154 1667 2175 1927; x_wconf 95' lang='lat' dir='ltr'>     </span> 
     </span>
     <span class='ocr_line' id='line_1_68' title="bbox 2148 1927 2174 2300; baseline 0 -144"><span class='ocrx_word' id='word_1_833' title='bbox 2148 1927 2174 2300; x_wconf 95' lang='lat' dir='ltr'>   </span> 
     </span>
     <span class='ocr_line' id='line_1_69' title="bbox 2148 2300 2173 2636; baseline 0 -257"><span class='ocrx_word' id='word_1_834' title='bbox 2148 2300 2173 2636; x_wconf 95' lang='lat' dir='ltr'>     </span> 
     </span>
     <span class='ocr_line' id='line_1_70' title="bbox 2150 2636 2170 2724; baseline 0 2659"><span class='ocrx_word' id='word_1_835' title='bbox 2150 2636 2170 2724; x_wconf 95' lang='lat' dir='ltr'> </span> 
     </span>
     <span class='ocr_line' id='line_1_71' title="bbox 2149 2724 2169 2781; baseline 0 2602"><span class='ocrx_word' id='word_1_836' title='bbox 2149 2724 2169 2781; x_wconf 95' lang='lat' dir='ltr'> </span> 
     </span>
     <span class='ocr_line' id='line_1_72' title="bbox 2147 2781 2169 2936; baseline 0 -85"><span class='ocrx_word' id='word_1_837' title='bbox 2147 2781 2169 2936; x_wconf 95' lang='lat' dir='ltr'>  </span> 
     </span>
     <span class='ocr_line' id='line_1_73' title="bbox 2147 2936 2168 3016; baseline 0 2367"><span class='ocrx_word' id='word_1_838' title='bbox 2147 2936 2168 3016; x_wconf 95' lang='lat' dir='ltr'> </span> 
     </span>
     <span class='ocr_line' id='line_1_74' title="bbox 2144 3016 2167 3267; baseline 0 0"><span class='ocrx_word' id='word_1_839' title='bbox 2144 3016 2167 3267; x_wconf 95' lang='lat' dir='ltr'>    </span> 
     </span>
     <span class='ocr_line' id='line_1_75' title="bbox 2139 3411 2165 3695; baseline 0 0"><span class='ocrx_word' id='word_1_840' title='bbox 2139 3411 2165 3695; x_wconf 95' lang='lat' dir='ltr'>    </span> 
     </span>
     <span class='ocr_line' id='line_1_76' title="bbox 2136 3695 2161 4023; baseline 0 -71"><span class='ocrx_word' id='word_1_841' title='bbox 2136 3695 2161 4023; x_wconf 95' lang='lat' dir='ltr'>    </span> 
     </span>
    </p>
   </div>
   <div class='ocr_carea' id='block_1_12' title="bbox 2178 1826 3829 3869">
    <p class='ocr_par' dir='ltr' id='par_1_12' title="bbox 2178 1826 3829 3869">
     <span class='ocr_line' id='line_1_77' title="bbox 2196 1826 3823 1904; baseline 0.001 -18"><span class='ocrx_word' id='word_1_842' title='bbox 2196 1832 2471 1892; x_wconf 71' lang='lat' dir='ltr'>Gener-aa!</span> <span class='ocrx_word' id='word_1_843' title='bbox 2506 1830 2584 1888; x_wconf 82' lang='grc'>18.</span> <span class='ocrx_word' id='word_1_844' title='bbox 2610 1832 2814 1888; x_wconf 74' lang='lat' dir='ltr'>Martii</span> <span class='ocrx_word' id='word_1_845' title='bbox 2842 1826 2989 1888; x_wconf 80' lang='lat'>1656.</span> <span class='ocrx_word' id='word_1_846' title='bbox 3029 1846 3136 1886; x_wconf 75' lang='lat' dir='ltr'>art.</span> <span class='ocrx_word' id='word_1_847' title='bbox 3163 1828 3251 1904; x_wconf 83' lang='grc'>49.</span> <span class='ocrx_word' id='word_1_848' title='bbox 3289 1831 3388 1889; x_wconf 84' lang='lat' dir='ltr'>vol.</span> <span class='ocrx_word' id='word_1_849' title='bbox 3409 1846 3458 1886; x_wconf 82' lang='lat'>2.</span> <span class='ocrx_word' id='word_1_850' title='bbox 3477 1831 3669 1901; x_wconf 77' lang='lat' dir='ltr'>placit.</span> <span class='ocrx_word' id='word_1_851' title='bbox 3691 1831 3823 1889; x_wconf 79' lang='lat' dir='ltr'>Holl.</span> 
     </span>
     <span class='ocr_line' id='line_1_78' title="bbox 2188 1899 3824 1974; baseline 0.002 -17"><span class='ocrx_word' id='word_1_852' title='bbox 2188 1920 2237 1974; x_wconf 84' lang='lat' dir='ltr'>p.</span> <span class='ocrx_word' id='word_1_853' title='bbox 2253 1901 2322 1970; x_wconf 85' lang='grc'>24</span> <span class='ocrx_word' id='word_1_854' title='bbox 2396 1944 2409 1957; x_wconf 94' lang='lat'>.</span> <span class='ocrx_word' id='word_1_855' title='bbox 2449 1901 2647 1962; x_wconf 81' lang='lat' dir='ltr'>Vetula</span> <span class='ocrx_word' id='word_1_856' title='bbox 2717 1918 2772 1956; x_wconf 89' lang='lat' dir='ltr'>m</span> <span class='ocrx_word' id='word_1_857' title='bbox 2806 1918 3013 1974; x_wconf 86' lang='lat' dir='ltr'>quoque</span> <span class='ocrx_word' id='word_1_858' title='bbox 3047 1899 3368 1972; x_wconf 79' lang='lat' dir='ltr'>efloetarum,</span> <span class='ocrx_word' id='word_1_859' title='bbox 3398 1917 3696 1970; x_wconf 88' lang='lat' dir='ltr'>senumque</span> <span class='ocrx_word' id='word_1_860' title='bbox 3732 1922 3824 1960; x_wconf 85' lang='lat' dir='ltr'>nu·</span> 
     </span>
     <span class='ocr_line' id='line_1_79' title="bbox 2193 1966 3826 2043; baseline 0.001 -14"><span class='ocrx_word' id='word_1_861' title='bbox 2193 1979 2329 2041; x_wconf 67' lang='lat' dir='ltr'>ptiar</span> <span class='ocrx_word' id='word_1_862' title='bbox 2385 1978 2486 2032; x_wconf 87' lang='lat' dir='ltr'>icet</span> <span class='ocrx_word' id='word_1_863' title='bbox 2521 1972 2655 2029; x_wconf 88' lang='lat' dir='ltr'>olim</span> <span class='ocrx_word' id='word_1_864' title='bbox 2745 1974 2933 2028; x_wconf 87' lang='lat' dir='ltr'>omani</span> <span class='ocrx_word' id='word_1_865' title='bbox 2972 1966 3279 2042; x_wconf 72' lang='lat' dir='ltr'>rejecerint,</span> <span class='ocrx_word' id='word_1_866' title='bbox 3316 1970 3433 2043; x_wconf 81' lang='lat' dir='ltr'>lege</span> <span class='ocrx_word' id='word_1_867' title='bbox 3469 1970 3609 2031; x_wconf 82' lang='lat' dir='ltr'>Julia</span> <span class='ocrx_word' id='word_1_868' title='bbox 3646 1976 3703 2031; x_wconf 74' lang='grc' dir='ltr'>δε</span> <span class='ocrx_word' id='word_1_869' title='bbox 3732 1971 3826 2030; x_wconf 73' lang='lat' dir='ltr'>P«-</span> 
     </span>
     <span class='ocr_line' id='line_1_80' title="bbox 2192 2040 3825 2122; baseline 0.002 -24"><span class='ocrx_word' id='word_1_870' title='bbox 2192 2046 2282 2112; x_wconf 88' lang='lat' dir='ltr'>pia</span> <span class='ocrx_word' id='word_1_871' title='bbox 2319 2040 2660 2113; x_wconf 88' lang='lat' dir='ltr'>prohibente,</span> <span class='ocrx_word' id='word_1_872' title='bbox 2686 2059 2766 2122; x_wconf 41' lang='lat' dir='ltr'>,ne</span> <span class='ocrx_word' id='word_1_873' title='bbox 2801 2042 3267 2114; x_wconf 82' lang='lat' dir='ltr'>quinquagenaria</span> <span class='ocrx_word' id='word_1_874' title='bbox 3299 2043 3475 2110; x_wconf 80' lang='lat' dir='ltr'>major</span> <span class='ocrx_word' id='word_1_875' title='bbox 3510 2041 3825 2122; x_wconf 79' lang='lat' dir='ltr'>mulier,aut</span> 
     </span>
     <span class='ocr_line' id='line_1_81' title="bbox 2191 2110 3829 2187; baseline 0.001 -19"><span class='ocrx_word' id='word_1_876' title='bbox 2191 2115 2545 2187; x_wconf 83' lang='lat' dir='ltr'>sexagenario</span> <span class='ocrx_word' id='word_1_877' title='bbox 2593 2129 2764 2181; x_wconf 70' lang='lat' dir='ltr'>major</span> <span class='ocrx_word' id='word_1_878' title='bbox 2819 2110 3083 2168; x_wconf 88' lang='lat' dir='ltr'>masculus</span> <span class='ocrx_word' id='word_1_879' title='bbox 3133 2116 3483 2174; x_wconf 87' lang='lat' dir='ltr'>matrimonio</span> <span class='ocrx_word' id='word_1_880' title='bbox 3538 2125 3829 2184; x_wconf 73' lang='lat' dir='ltr'>jungantur</span> 
     </span>
     <span class='ocr_line' id='line_1_82' title="bbox 2193 2176 3829 2253; baseline 0.002 -18"><span class='ocrx_word' id='word_1_881' title='bbox 2193 2180 2315 2240; x_wconf 79' lang='lat' dir='ltr'>aliis</span> <span class='ocrx_word' id='word_1_882' title='bbox 2350 2186 2467 2241; x_wconf 84' lang='lat' dir='ltr'>sive</span> <span class='ocrx_word' id='word_1_883' title='bbox 2502 2180 2825 2252; x_wconf 86' lang='lat' dir='ltr'>minoribus,</span> <span class='ocrx_word' id='word_1_884' title='bbox 2861 2182 2973 2238; x_wconf 81' lang='lat' dir='ltr'>sive</span> <span class='ocrx_word' id='word_1_885' title='bbox 3010 2176 3319 2253; x_wconf 72' lang='lat' dir='ltr'>maioribus,</span> <span class='ocrx_word' id='word_1_886' title='bbox 3354 2199 3419 2239; x_wconf 89' lang='lat' dir='ltr'>eo</span> <span class='ocrx_word' id='word_1_887' title='bbox 3453 2183 3595 2253; x_wconf 84' lang='lat' dir='ltr'>quod</span> <span class='ocrx_word' id='word_1_888' title='bbox 3634 2183 3829 2244; x_wconf 84' lang='lat' dir='ltr'>sobolis</span> 
     </span>
     <span class='ocr_line' id='line_1_83' title="bbox 2190 2250 3827 2334; baseline -0.001 -22"><span class='ocrx_word' id='word_1_889' title='bbox 2190 2252 2534 2319; x_wconf 65' lang='lat' dir='ltr'>suscipiendae</span> <span class='ocrx_word' id='word_1_890' title='bbox 2569 2271 2684 2321; x_wconf 88' lang='lat' dir='ltr'>spes</span> <span class='ocrx_word' id='word_1_891' title='bbox 2726 2250 3005 2310; x_wconf 87' lang='lat' dir='ltr'>videbatur</span> <span class='ocrx_word' id='word_1_892' title='bbox 3040 2251 3217 2309; x_wconf 82' lang='lat' dir='ltr'>deesse</span> <span class='ocrx_word' id='word_1_893' title='bbox 3248 2268 3265 2318; x_wconf 83' lang='lat'>3</span> <span class='ocrx_word' id='word_1_894' title='bbox 3304 2264 3504 2322; x_wconf 89' lang='lat' dir='ltr'>tamen,</span> <span class='ocrx_word' id='word_1_895' title='bbox 3540 2255 3669 2334; x_wconf 79' lang='lat' dir='ltr'>quia</span> <span class='ocrx_word' id='word_1_896' title='bbox 3743 2273 3827 2310; x_wconf 80' lang='lat' dir='ltr'>rae-</span> 
     </span>
     <span class='ocr_line' id='line_1_84' title="bbox 2190 2319 3827 2395; baseline 0.001 -16"><span class='ocrx_word' id='word_1_897' title='bbox 2190 2334 2274 2380; x_wconf 90' lang='lat' dir='ltr'>ter</span> <span class='ocrx_word' id='word_1_898' title='bbox 2310 2321 2602 2381; x_wconf 83' lang='lat' dir='ltr'>liberorum</span> <span class='ocrx_word' id='word_1_899' title='bbox 2641 2323 3063 2392; x_wconf 83' lang='lat' dir='ltr'>procreationem</span> <span class='ocrx_word' id='word_1_900' title='bbox 3099 2320 3191 2376; x_wconf 88' lang='lat' dir='ltr'>alii</span> <span class='ocrx_word' id='word_1_901' title='bbox 3230 2319 3408 2391; x_wconf 87' lang='lat' dir='ltr'>plures</span> <span class='ocrx_word' id='word_1_902' title='bbox 3444 2329 3683 2395; x_wconf 63' lang='lat' dir='ltr'>conjugii</span> <span class='ocrx_word' id='word_1_903' title='bbox 3745 2343 3827 2382; x_wconf 85' lang='lat' dir='ltr'>nes</span> 
     </span>
     <span class='ocr_line' id='line_1_85' title="bbox 2190 2390 3826 2462; baseline -0.001 -14"><span class='ocrx_word' id='word_1_904' title='bbox 2190 2405 2335 2462; x_wconf 84' lang='lat' dir='ltr'>sunt,</span> <span class='ocrx_word' id='word_1_905' title='bbox 2376 2392 2542 2450; x_wconf 86' lang='lat' dir='ltr'>veluti</span> <span class='ocrx_word' id='word_1_906' title='bbox 2580 2406 2825 2448; x_wconf 86' lang='lat' dir='ltr'>mutuum</span> <span class='ocrx_word' id='word_1_907' title='bbox 2861 2391 3113 2447; x_wconf 64' lang='lat' dir='ltr'>solatium</span> <span class='ocrx_word' id='word_1_908' title='bbox 3148 2393 3200 2449; x_wconf 71' lang='grc' dir='ltr'>ἃ</span> <span class='ocrx_word' id='word_1_909' title='bbox 3239 2390 3572 2460; x_wconf 76' lang='lat' dir='ltr'>adjutorium</span> <span class='ocrx_word' id='word_1_910' title='bbox 3600 2432 3618 2462; x_wconf 93' lang='lat'>,</span> <span class='ocrx_word' id='word_1_911' title='bbox 3660 2390 3826 2451; x_wconf 84' lang='lat' dir='ltr'>sorni-</span> 
     </span>
     <span class='ocr_line' id='line_1_86' title="bbox 2188 2459 3823 2533; baseline 0.001 -18"><span class='ocrx_word' id='word_1_912' title='bbox 2188 2464 2419 2520; x_wconf 87' lang='lat' dir='ltr'>cationis</span> <span class='ocrx_word' id='word_1_913' title='bbox 2452 2464 2718 2533; x_wconf 85' lang='lat' dir='ltr'>evitatio,</span> <span class='ocrx_word' id='word_1_914' title='bbox 2754 2460 3074 2531; x_wconf 84' lang='lat' dir='ltr'>legitimatio</span> <span class='ocrx_word' id='word_1_915' title='bbox 3110 2459 3403 2519; x_wconf 85' lang='lat' dir='ltr'>liberorum</span> <span class='ocrx_word' id='word_1_916' title='bbox 3437 2474 3596 2520; x_wconf 77' lang='lat' dir='ltr'>extra</span> <span class='ocrx_word' id='word_1_917' title='bbox 3635 2465 3823 2520; x_wconf 85' lang='lat' dir='ltr'>matri—</span> 
     </span>
     <span class='ocr_line' id='line_1_87' title="bbox 2189 2530 3825 2602; baseline 0.001 -16"><span class='ocrx_word' id='word_1_918' title='bbox 2189 2534 2434 2588; x_wconf 90' lang='lat' dir='ltr'>monium</span> <span class='ocrx_word' id='word_1_919' title='bbox 2470 2546 2631 2590; x_wconf 84' lang='lat' dir='ltr'>antea</span> <span class='ocrx_word' id='word_1_920' title='bbox 2667 2545 3062 2602; x_wconf 87' lang='lat' dir='ltr'>susceptorum,</span> <span class='ocrx_word' id='word_1_921' title='bbox 3116 2531 3313 2588; x_wconf 89' lang='lat' dir='ltr'>merito</span> <span class='ocrx_word' id='word_1_922' title='bbox 3344 2530 3677 2591; x_wconf 79' lang='lat' dir='ltr'>Justinianus</span> <span class='ocrx_word' id='word_1_923' title='bbox 3712 2549 3825 2589; x_wconf 88' lang='lat' dir='ltr'>eam</span> 
     </span>
     <span class='ocr_line' id='line_1_88' title="bbox 2190 2598 3821 2686; baseline 0.002 -29"><span class='ocrx_word' id='word_1_924' title='bbox 2190 2602 2359 2686; x_wconf 75' lang='lat' dir='ltr'>legem</span> <span class='ocrx_word' id='word_1_925' title='bbox 2392 2598 2543 2671; x_wconf 83' lang='lat' dir='ltr'>iussit</span> <span class='ocrx_word' id='word_1_926' title='bbox 2577 2604 2953 2672; x_wconf 86' lang='lat' dir='ltr'>conquiescere</span> <span class='ocrx_word' id='word_1_927' title='bbox 2972 2643 2989 2672; x_wconf 90' lang='lat'>,</span> <span class='ocrx_word' id='word_1_928' title='bbox 3013 2637 3027 2646; x_wconf 79' lang='grc'><strong>-</strong></span> <span class='ocrx_word' id='word_1_929' title='bbox 3050 2601 3084 2656; x_wconf 92' lang='grc' dir='ltr'>Ι.</span> <span class='ocrx_word' id='word_1_930' title='bbox 3122 2605 3393 2657; x_wconf 73' lang='lat' dir='ltr'>rancimur</span> <span class='ocrx_word' id='word_1_931' title='bbox 3428 2615 3515 2686; x_wconf 71' lang='lat'>27.</span> <span class='ocrx_word' id='word_1_932' title='bbox 3554 2603 3610 2658; x_wconf 87' lang='lat' dir='ltr'>C.</span> <span class='ocrx_word' id='word_1_933' title='bbox 3648 2604 3702 2661; x_wconf 79' lang='lat' dir='ltr'>b.</span> <span class='ocrx_word' id='word_1_934' title='bbox 3738 2607 3821 2660; x_wconf 78' lang='lat' dir='ltr'>rit.</span> 
     </span>
     <span class='ocr_line' id='line_1_89' title="bbox 2187 2669 3823 2742; baseline 0.002 -14"><span class='ocrx_word' id='word_1_935' title='bbox 2187 2690 2278 2731; x_wconf 77' lang='lat' dir='ltr'>cur</span> <span class='ocrx_word' id='word_1_936' title='bbox 2313 2675 2700 2732; x_wconf 84' lang='lat' dir='ltr'>convenienter</span> <span class='ocrx_word' id='word_1_937' title='bbox 2738 2689 2881 2729; x_wconf 90' lang='lat' dir='ltr'>nunc</span> <span class='ocrx_word' id='word_1_938' title='bbox 2922 2669 3130 2731; x_wconf 85' lang='lat' dir='ltr'>vetulas</span> <span class='ocrx_word' id='word_1_939' title='bbox 3165 2670 3621 2742; x_wconf 68' lang='lat' dir='ltr'>adolescentibus,</span> <span class='ocrx_word' id='word_1_940' title='bbox 3657 2677 3715 2735; x_wconf 70' lang='grc' dir='ltr'>ἂ</span> <span class='ocrx_word' id='word_1_941' title='bbox 3746 2691 3823 2732; x_wconf 84' lang='lat' dir='ltr'>se-</span> 
     </span>
     <span class='ocr_line' id='line_1_90' title="bbox 2188 2740 3821 2812; baseline 0.003 -14"><span class='ocrx_word' id='word_1_942' title='bbox 2188 2762 2281 2800; x_wconf 87' lang='lat' dir='ltr'>nes</span> <span class='ocrx_word' id='word_1_943' title='bbox 2318 2740 2610 2809; x_wconf 70' lang='lat' dir='ltr'>juvenculis</span> <span class='ocrx_word' id='word_1_944' title='bbox 2647 2743 2996 2799; x_wconf 84' lang='lat' dir='ltr'>matrimonio</span> <span class='ocrx_word' id='word_1_945' title='bbox 3031 2759 3095 2798; x_wconf 89' lang='lat' dir='ltr'>co</span> <span class='ocrx_word' id='word_1_946' title='bbox 3135 2742 3296 2812; x_wconf 88' lang='lat' dir='ltr'>ulari,</span> <span class='ocrx_word' id='word_1_947' title='bbox 3332 2760 3535 2800; x_wconf 78' lang='lat' dir='ltr'>novum</span> <span class='ocrx_word' id='word_1_948' title='bbox 3572 2762 3689 2802; x_wconf 90' lang='lat' dir='ltr'>non</span> <span class='ocrx_word' id='word_1_949' title='bbox 3723 2758 3821 2803; x_wconf 82' lang='lat' dir='ltr'>est.</span> 
     </span>
     <span class='ocr_line' id='line_1_91' title="bbox 2186 2809 3821 2887; baseline 0.001 -16"><span class='ocrx_word' id='word_1_950' title='bbox 2186 2810 2392 2871; x_wconf 80' lang='lat' dir='ltr'>Confer</span> <span class='ocrx_word' id='word_1_951' title='bbox 2433 2810 2727 2870; x_wconf 83' lang='lat' dir='ltr'>Henricum</span> <span class='ocrx_word' id='word_1_952' title='bbox 2764 2809 3035 2870; x_wconf 70' lang='lat' dir='ltr'>Brouver</span> <span class='ocrx_word' id='word_1_953' title='bbox 3155 2815 3290 2887; x_wconf 82' lang='lat' dir='ltr'>jure</span> <span class='ocrx_word' id='word_1_954' title='bbox 3322 2811 3619 2871; x_wconf 75' lang='lat' dir='ltr'>connubior.</span> <span class='ocrx_word' id='word_1_955' title='bbox 3659 2813 3747 2873; x_wconf 75' lang='lat' dir='ltr'>lib.</span> <span class='ocrx_word' id='word_1_956' title='bbox 3770 2833 3821 2873; x_wconf 84' lang='lat'>2.</span> 
     </span>
     <span class='ocr_line' id='line_1_92' title="bbox 2187 2880 3819 2956; baseline 0 -16"><span class='ocrx_word' id='word_1_957' title='bbox 2187 2899 2302 2953; x_wconf 77' lang='lat' dir='ltr'>cap.</span> <span class='ocrx_word' id='word_1_958' title='bbox 2326 2880 2375 2937; x_wconf 81' lang='lat'>3.</span> <span class='ocrx_word' id='word_1_959' title='bbox 2413 2903 2466 2938; x_wconf 86' lang='lat' dir='ltr'>n.</span> <span class='ocrx_word' id='word_1_960' title='bbox 2489 2897 2574 2956; x_wconf 81' lang='grc'>29.</span> <span class='ocrx_word' id='word_1_961' title='bbox 2613 2880 2681 2945; x_wconf 61' lang='grc' dir='ltr'><strong>Θ</strong></span> <span class='ocrx_word' id='word_1_962' title='bbox 2716 2901 2849 2953; x_wconf 82' lang='lat' dir='ltr'>seqq.</span> <span class='ocrx_word' id='word_1_963' title='bbox 2888 2880 2958 2940; x_wconf 91' lang='lat' dir='ltr'>D.</span> <span class='ocrx_word' id='word_1_964' title='bbox 2976 2881 3088 2939; x_wconf 92' lang='lat' dir='ltr'>Job.</span> <span class='ocrx_word' id='word_1_965' title='bbox 3128 2900 3161 2938; x_wconf 82' lang='lat' dir='ltr'>a</span> <span class='ocrx_word' id='word_1_966' title='bbox 3196 2882 3454 2939; x_wconf 88' lang='lat' dir='ltr'>Someren</span> <span class='ocrx_word' id='word_1_967' title='bbox 3494 2883 3558 2938; x_wconf 85' lang='lat' dir='ltr'>de</span> <span class='ocrx_word' id='word_1_968' title='bbox 3602 2885 3711 2941; x_wconf 73' lang='lat' dir='ltr'>&#39;ure</span> <span class='ocrx_word' id='word_1_969' title='bbox 3729 2906 3819 2940; x_wconf 74' lang='lat' dir='ltr'>no·</span> 
     </span>
     <span class='ocr_line' id='line_1_93' title="bbox 2186 2948 3819 3025; baseline 0.001 -15"><span class='ocrx_word' id='word_1_970' title='bbox 2186 2973 2384 3010; x_wconf 74' lang='lat' dir='ltr'>verear.</span> <span class='ocrx_word' id='word_1_971' title='bbox 2421 2974 2466 3010; x_wconf 88' lang='lat' dir='ltr'>c.</span> <span class='ocrx_word' id='word_1_972' title='bbox 2487 2966 2541 3025; x_wconf 89' lang='lat'>9.</span> <span class='ocrx_word' id='word_1_973' title='bbox 2581 2948 2707 3009; x_wconf 80' lang='lat' dir='ltr'>n.5.</span> <span class='ocrx_word' id='word_1_974' title='bbox 2744 2954 2926 3025; x_wconf 76' lang='lat' dir='ltr'>Avum</span> <span class='ocrx_word' id='word_1_975' title='bbox 2962 2972 3011 3023; x_wconf 90' lang='lat' dir='ltr'>p.</span> <span class='ocrx_word' id='word_1_976' title='bbox 3041 2969 3199 3010; x_wconf 87' lang='lat' dir='ltr'>mem.</span> <span class='ocrx_word' id='word_1_977' title='bbox 3224 2951 3539 3010; x_wconf 85' lang='lat' dir='ltr'>Gisbertum</span> <span class='ocrx_word' id='word_1_978' title='bbox 3616 2959 3819 3014; x_wconf 85' lang='lat' dir='ltr'>octium</span> 
     </span>
     <span class='ocr_line' id='line_1_94' title="bbox 2184 3018 3817 3092; baseline 0.002 -14"><span class='ocrx_word' id='word_1_979' title='bbox 2184 3028 2402 3092; x_wconf 76' lang='lat' dir='ltr'>po;iticae</span> <span class='ocrx_word' id='word_1_980' title='bbox 2436 3025 2796 3079; x_wconf 61' lang='lat' dir='ltr'>ecclesiastica</span> <span class='ocrx_word' id='word_1_981' title='bbox 2829 3039 2940 3092; x_wconf 78' lang='lat' dir='ltr'>par.</span> <span class='ocrx_word' id='word_1_982' title='bbox 2974 3038 3018 3077; x_wconf 88' lang='lat'>1.</span> <span class='ocrx_word' id='word_1_983' title='bbox 3057 3020 3146 3079; x_wconf 76' lang='lat' dir='ltr'>tib.</span> <span class='ocrx_word' id='word_1_984' title='bbox 3166 3018 3219 3081; x_wconf 77' lang='grc'>5.</span> <span class='ocrx_word' id='word_1_985' title='bbox 3255 3023 3415 3080; x_wconf 61' lang='lat' dir='ltr'>trabi.</span> <span class='ocrx_word' id='word_1_986' title='bbox 3444 3040 3486 3077; x_wconf 84' lang='grc'>1.</span> <span class='ocrx_word' id='word_1_987' title='bbox 3526 3022 3589 3079; x_wconf 71' lang='lat' dir='ltr'>de</span> <span class='ocrx_word' id='word_1_988' title='bbox 3628 3030 3817 3083; x_wconf 75' lang='lat' dir='ltr'>matri-</span> 
     </span>
     <span class='ocr_line' id='line_1_95' title="bbox 2186 3091 3817 3163; baseline 0.004 -14"><span class='ocrx_word' id='word_1_989' title='bbox 2186 3096 2360 3149; x_wconf 79' lang='lat' dir='ltr'>monio</span> <span class='ocrx_word' id='word_1_990' title='bbox 2396 3094 2518 3150; x_wconf 62' lang='lat' dir='ltr'>sebi.</span> <span class='ocrx_word' id='word_1_991' title='bbox 2559 3110 2606 3163; x_wconf 78' lang='grc'>2.</span> <span class='ocrx_word' id='word_1_992' title='bbox 2642 3108 2752 3161; x_wconf 78' lang='lat' dir='ltr'>cap.</span> <span class='ocrx_word' id='word_1_993' title='bbox 2776 3110 2825 3149; x_wconf 90' lang='grc'>2.</span> <span class='ocrx_word' id='word_1_994' title='bbox 2865 3097 2922 3149; x_wconf 78' lang='lat' dir='ltr'>in</span> <span class='ocrx_word' id='word_1_995' title='bbox 2954 3108 3027 3162; x_wconf 78' lang='lat' dir='ltr'>pr.</span> <span class='ocrx_word' id='word_1_996' title='bbox 3064 3091 3342 3152; x_wconf 87' lang='lat' dir='ltr'>Castratos</span> <span class='ocrx_word' id='word_1_997' title='bbox 3378 3110 3489 3150; x_wconf 90' lang='lat' dir='ltr'>non</span> <span class='ocrx_word' id='word_1_998' title='bbox 3530 3112 3683 3163; x_wconf 89' lang='lat' dir='ltr'>posse</span> <span class='ocrx_word' id='word_1_999' title='bbox 3717 3117 3817 3155; x_wconf 88' lang='lat' dir='ltr'>nu—</span> 
     </span>
     <span class='ocr_line' id='line_1_96' title="bbox 2186 3162 3817 3241; baseline 0.004 -24"><span class='ocrx_word' id='word_1_1000' title='bbox 2186 3166 2326 3231; x_wconf 77' lang='lat' dir='ltr'>ptias</span> <span class='ocrx_word' id='word_1_1001' title='bbox 2358 3163 2708 3232; x_wconf 86' lang='lat' dir='ltr'>contrahere,</span> <span class='ocrx_word' id='word_1_1002' title='bbox 2742 3162 3006 3231; x_wconf 86' lang='lat' dir='ltr'>spadones</span> <span class='ocrx_word' id='word_1_1003' title='bbox 3043 3180 3210 3231; x_wconf 87' lang='lat' dir='ltr'>posse,</span> <span class='ocrx_word' id='word_1_1004' title='bbox 3242 3163 3456 3241; x_wconf 87' lang='lat' dir='ltr'>quoties</span> <span class='ocrx_word' id='word_1_1005' title='bbox 3492 3166 3692 3223; x_wconf 84' lang='lat' dir='ltr'>vitium</span> <span class='ocrx_word' id='word_1_1006' title='bbox 3726 3185 3817 3224; x_wconf 84' lang='lat' dir='ltr'>cu-</span> 
     </span>
     <span class='ocr_line' id='line_1_97' title="bbox 2183 3232 3816 3303; baseline 0.001 -13"><span class='ocrx_word' id='word_1_1007' title='bbox 2183 3232 2352 3290; x_wconf 85' lang='lat' dir='ltr'>rabile</span> <span class='ocrx_word' id='word_1_1008' title='bbox 2384 3248 2506 3299; x_wconf 82' lang='lat' dir='ltr'>est;</span> <span class='ocrx_word' id='word_1_1009' title='bbox 2542 3251 2691 3303; x_wconf 81' lang='lat' dir='ltr'>posse</span> <span class='ocrx_word' id='word_1_1010' title='bbox 2725 3240 2890 3290; x_wconf 88' lang='lat' dir='ltr'>etiam</span> <span class='ocrx_word' id='word_1_1011' title='bbox 2928 3232 3239 3301; x_wconf 87' lang='lat' dir='ltr'>aliquando,</span> <span class='ocrx_word' id='word_1_1012' title='bbox 3278 3252 3367 3302; x_wconf 90' lang='lat' dir='ltr'>per</span> <span class='ocrx_word' id='word_1_1013' title='bbox 3406 3235 3547 3291; x_wconf 86' lang='lat' dir='ltr'>ensis</span> <span class='ocrx_word' id='word_1_1014' title='bbox 3583 3240 3816 3295; x_wconf 86' lang='lat' dir='ltr'>circum-</span> 
     </span>
     <span class='ocr_line' id='line_1_98' title="bbox 2181 3303 3816 3378; baseline 0.004 -19"><span class='ocrx_word' id='word_1_1015' title='bbox 2181 3304 2418 3371; x_wconf 85' lang='lat' dir='ltr'>stantiis,</span> <span class='ocrx_word' id='word_1_1016' title='bbox 2452 3304 2521 3359; x_wconf 82' lang='lat' dir='ltr'>ad</span> <span class='ocrx_word' id='word_1_1017' title='bbox 2558 3310 2771 3372; x_wconf 89' lang='lat' dir='ltr'>nuptias</span> <span class='ocrx_word' id='word_1_1018' title='bbox 2804 3303 3022 3361; x_wconf 83' lang='lat' dir='ltr'>admitti</span> <span class='ocrx_word' id='word_1_1019' title='bbox 3052 3312 3319 3374; x_wconf 76' lang='lat' dir='ltr'>amentes,</span> <span class='ocrx_word' id='word_1_1020' title='bbox 3380 3306 3629 3374; x_wconf 77' lang='lat' dir='ltr'>uriosos5</span> <span class='ocrx_word' id='word_1_1021' title='bbox 3671 3325 3816 3378; x_wconf 85' lang='lat' dir='ltr'>posse</span> 
     </span>
     <span class='ocr_line' id='line_1_99' title="bbox 2181 3371 3817 3448; baseline 0.003 -19"><span class='ocrx_word' id='word_1_1022' title='bbox 2181 3378 2236 3433; x_wconf 66' lang='grc' dir='ltr'>ὅ(</span> <span class='ocrx_word' id='word_1_1023' title='bbox 2277 3371 2739 3444; x_wconf 82' lang='lat' dir='ltr'>hermaphroditos</span> <span class='ocrx_word' id='word_1_1024' title='bbox 2773 3377 3063 3431; x_wconf 86' lang='lat' dir='ltr'>secundum</span> <span class='ocrx_word' id='word_1_1025' title='bbox 3097 3390 3320 3445; x_wconf 78' lang='lat' dir='ltr'>sexum,</span> <span class='ocrx_word' id='word_1_1026' title='bbox 3356 3378 3445 3442; x_wconf 87' lang='lat' dir='ltr'>qui</span> <span class='ocrx_word' id='word_1_1027' title='bbox 3483 3378 3541 3430; x_wconf 90' lang='lat' dir='ltr'>in</span> <span class='ocrx_word' id='word_1_1028' title='bbox 3582 3377 3650 3433; x_wconf 89' lang='lat' dir='ltr'>iis</span> <span class='ocrx_word' id='word_1_1029' title='bbox 3687 3396 3817 3448; x_wconf 73' lang='lat' dir='ltr'>prz-</span> 
     </span>
     <span class='ocr_line' id='line_1_100' title="bbox 2184 3442 3817 3516; baseline 0.002 -18"><span class='ocrx_word' id='word_1_1030' title='bbox 2184 3443 2348 3515; x_wconf 89' lang='lat' dir='ltr'>valet,</span> <span class='ocrx_word' id='word_1_1031' title='bbox 2384 3459 2479 3500; x_wconf 89' lang='lat' dir='ltr'>aut</span> <span class='ocrx_word' id='word_1_1032' title='bbox 2514 3461 2672 3511; x_wconf 87' lang='lat' dir='ltr'>quem</span> <span class='ocrx_word' id='word_1_1033' title='bbox 2705 3443 2783 3501; x_wconf 88' lang='lat' dir='ltr'>ele</span> <span class='ocrx_word' id='word_1_1034' title='bbox 2821 3450 2981 3514; x_wconf 85' lang='lat' dir='ltr'>erint,</span> <span class='ocrx_word' id='word_1_1035' title='bbox 3018 3445 3062 3499; x_wconf 89' lang='lat' dir='ltr'>si</span> <span class='ocrx_word' id='word_1_1036' title='bbox 3099 3456 3325 3512; x_wconf 84' lang='lat' dir='ltr'>utroque</span> <span class='ocrx_word' id='word_1_1037' title='bbox 3350 3442 3588 3515; x_wconf 86' lang='lat' dir='ltr'>valeant,</span> <span class='ocrx_word' id='word_1_1038' title='bbox 3626 3449 3817 3516; x_wconf 62' lang='lat' dir='ltr'>&amp;que</span> 
     </span>
     <span class='ocr_line' id='line_1_101' title="bbox 2180 3512 3815 3585; baseline 0.003 -15"><span class='ocrx_word' id='word_1_1039' title='bbox 2180 3532 2242 3570; x_wconf 87' lang='lat' dir='ltr'>ea</span> <span class='ocrx_word' id='word_1_1040' title='bbox 2278 3516 2577 3584; x_wconf 83' lang='lat' dir='ltr'>occasione,</span> <span class='ocrx_word' id='word_1_1041' title='bbox 2614 3526 2733 3569; x_wconf 87' lang='lat' dir='ltr'>tum</span> <span class='ocrx_word' id='word_1_1042' title='bbox 2807 3536 2834 3573; x_wconf 89' lang='lat' dir='ltr'>e</span> <span class='ocrx_word' id='word_1_1043' title='bbox 2873 3517 3020 3585; x_wconf 84' lang='lat' dir='ltr'>viris,</span> <span class='ocrx_word' id='word_1_1044' title='bbox 3058 3528 3173 3572; x_wconf 87' lang='lat' dir='ltr'>tum</span> <span class='ocrx_word' id='word_1_1045' title='bbox 3207 3516 3274 3573; x_wconf 90' lang='lat' dir='ltr'>de</span> <span class='ocrx_word' id='word_1_1046' title='bbox 3295 3512 3611 3573; x_wconf 88' lang='lat' dir='ltr'>mulieribus</span> <span class='ocrx_word' id='word_1_1047' title='bbox 3637 3520 3708 3577; x_wconf 88' lang='lat' dir='ltr'>ad</span> <span class='ocrx_word' id='word_1_1048' title='bbox 3762 3539 3815 3575; x_wconf 88' lang='lat' dir='ltr'>e·</span> 
     </span>
     <span class='ocr_line' id='line_1_102' title="bbox 2181 3580 3815 3656; baseline 0.004 -17"><span class='ocrx_word' id='word_1_1049' title='bbox 2181 3580 2480 3640; x_wconf 70' lang='lat' dir='ltr'>neran&#39;dum</span> <span class='ocrx_word' id='word_1_1050' title='bbox 2522 3602 2631 3639; x_wconf 89' lang='lat' dir='ltr'>non</span> <span class='ocrx_word' id='word_1_1051' title='bbox 2670 3589 2803 3641; x_wconf 89' lang='lat' dir='ltr'>satis</span> <span class='ocrx_word' id='word_1_1052' title='bbox 2840 3597 2965 3653; x_wconf 86' lang='lat' dir='ltr'>apte</span> <span class='ocrx_word' id='word_1_1053' title='bbox 3000 3602 3033 3639; x_wconf 88' lang='lat' dir='ltr'>a</span> <span class='ocrx_word' id='word_1_1054' title='bbox 3069 3598 3263 3642; x_wconf 83' lang='lat' dir='ltr'>natura</span> <span class='ocrx_word' id='word_1_1055' title='bbox 3302 3582 3565 3655; x_wconf 75' lang='lat' dir='ltr'>formatis,</span> <span class='ocrx_word' id='word_1_1056' title='bbox 3603 3605 3710 3656; x_wconf 89' lang='lat' dir='ltr'>pro</span> <span class='ocrx_word' id='word_1_1057' title='bbox 3734 3592 3815 3646; x_wconf 80' lang='lat' dir='ltr'>ixe</span> 
     </span>
     <span class='ocr_line' id='line_1_103' title="bbox 2178 3652 3815 3732; baseline 0.002 -22"><span class='ocrx_word' id='word_1_1058' title='bbox 2178 3655 2557 3723; x_wconf 86' lang='lat' dir='ltr'>discutiuntur,</span> <span class='ocrx_word' id='word_1_1059' title='bbox 2594 3652 2839 3712; x_wconf 89' lang='lat' dir='ltr'>consulto</span> <span class='ocrx_word' id='word_1_1060' title='bbox 2861 3664 3134 3723; x_wconf 72' lang='lat' dir='ltr'>pratereO,</span> <span class='ocrx_word' id='word_1_1061' title='bbox 3167 3667 3457 3712; x_wconf 87' lang='lat' dir='ltr'>contentus</span> <span class='ocrx_word' id='word_1_1062' title='bbox 3510 3672 3675 3713; x_wconf 88' lang='lat' dir='ltr'>aucos</span> <span class='ocrx_word' id='word_1_1063' title='bbox 3693 3676 3815 3732; x_wconf 81' lang='lat' dir='ltr'>sug·</span> 
     </span>
     <span class='ocr_line' id='line_1_104' title="bbox 2179 3673 3819 3796; baseline 0.002 -16"><span class='ocrx_word' id='word_1_1064' title='bbox 2179 3726 2418 3796; x_wconf 85' lang='lat' dir='ltr'>gessisse,</span> <span class='ocrx_word' id='word_1_1065' title='bbox 2454 3731 2542 3793; x_wconf 83' lang='lat' dir='ltr'>qui</span> <span class='ocrx_word' id='word_1_1066' title='bbox 2580 3722 2789 3790; x_wconf 76' lang='lat' dir='ltr'>plenius</span> <span class='ocrx_word' id='word_1_1067' title='bbox 2827 3723 2962 3794; x_wconf 86' lang='lat' dir='ltr'>ista,</span> <span class='ocrx_word' id='word_1_1068' title='bbox 3001 3725 3122 3782; x_wconf 83' lang='lat' dir='ltr'>vide</span> <span class='ocrx_word' id='word_1_1069' title='bbox 3158 3723 3430 3782; x_wconf 83' lang='lat' dir='ltr'>Thomam</span> <span class='ocrx_word' id='word_1_1070' title='bbox 3466 3673 3721 3785; x_wconf 54' lang='lat' dir='ltr'>§ancha</span> <span class='ocrx_word' id='word_1_1071' title='bbox 3756 3728 3819 3784; x_wconf 81' lang='lat' dir='ltr'>de</span> 
     </span>
     <span class='ocr_line' id='line_1_105' title="bbox 2179 3791 3819 3869; baseline 0.002 -22"><span class='ocrx_word' id='word_1_1072' title='bbox 2179 3798 2523 3850; x_wconf 65' lang='lat' dir='ltr'>matrimonio</span> <span class='ocrx_word' id='word_1_1073' title='bbox 2558 3791 2647 3849; x_wconf 83' lang='lat' dir='ltr'>lib.</span> <span class='ocrx_word' id='word_1_1074' title='bbox 2687 3808 2735 3865; x_wconf 88' lang='lat'>7.</span> <span class='ocrx_word' id='word_1_1075' title='bbox 2774 3795 2901 3862; x_wconf 70' lang='lat' dir='ltr'>disp.</span> <span class='ocrx_word' id='word_1_1076' title='bbox 2939 3806 3026 3861; x_wconf 67' lang='lat'>02.</span> <span class='ocrx_word' id='word_1_1077' title='bbox 3065 3793 3133 3856; x_wconf 62' lang='grc' dir='ltr'><em>ω</em></span> <span class='ocrx_word' id='word_1_1078' title='bbox 3170 3815 3302 3866; x_wconf 68' lang='lat' dir='ltr'>seqq.</span> <span class='ocrx_word' id='word_1_1079' title='bbox 3338 3816 3495 3867; x_wconf 78' lang='lat' dir='ltr'>mque</span> <span class='ocrx_word' id='word_1_1080' title='bbox 3532 3795 3615 3850; x_wconf 79' lang='lat' dir='ltr'>ad</span> <span class='ocrx_word' id='word_1_1081' title='bbox 3638 3796 3819 3869; x_wconf 76' lang='lat' dir='ltr'>finem</span> 
     </span>
    </p>
   </div>
   <div class='ocr_carea' id='block_1_13' title="bbox 3890 491 3893 532">
    <p class='ocr_par' dir='ltr' id='par_1_13' title="bbox 3890 491 3893 532">
     <span class='ocr_line' id='line_1_106' title="bbox 3890 491 3893 532; baseline 0 0"><span class='ocrx_word' id='word_1_1082' title='bbox 3890 491 3893 532; x_wconf 69' lang='grc' dir='ltr'><strong><em>ἐ</em></strong></span> 
     </span>
    </p>
   </div>
   <div class='ocr_carea' id='block_1_14' title="bbox 3893 563 3910 1452">
    <p class='ocr_par' dir='ltr' id='par_1_14' title="bbox 3893 563 3910 1452">
     <span class='ocr_line' id='line_1_107' title="bbox 3893 563 3910 1452; baseline 0 0"><span class='ocrx_word' id='word_1_1083' title='bbox 3893 563 3910 1452; x_wconf 95' lang='lat' dir='ltr'> </span> 
     </span>
    </p>
   </div>
   <div class='ocr_carea' id='block_1_15' title="bbox 2195 1758 3915 1835">
    <p class='ocr_par' dir='ltr' id='par_1_15' title="bbox 2195 1758 3915 1835">
     <span class='ocr_line' id='line_1_108' title="bbox 2195 1758 3915 1835; baseline 0 -18"><span class='ocrx_word' id='word_1_1084' title='bbox 2195 1759 2459 1820; x_wconf 84' lang='lat' dir='ltr'>facientes</span> <span class='ocrx_word' id='word_1_1085' title='bbox 2492 1760 2642 1821; x_wconf 84' lang='lat' dir='ltr'>exilii</span> <span class='ocrx_word' id='word_1_1086' title='bbox 2680 1778 2831 1830; x_wconf 75' lang='lat' dir='ltr'>poena</span> <span class='ocrx_word' id='word_1_1087' title='bbox 2859 1799 2876 1832; x_wconf 84' lang='lat'>,</span> <span class='ocrx_word' id='word_1_1088' title='bbox 2922 1758 3368 1835; x_wconf 76' lang='lat' dir='ltr'>Ecbt-reglement</span> <span class='ocrx_word' id='word_1_1089' title='bbox 3403 1780 3512 1818; x_wconf 79' lang='lat' dir='ltr'>van</span> <span class='ocrx_word' id='word_1_1090' title='bbox 3547 1759 3616 1814; x_wconf 80' lang='lat' dir='ltr'>de</span> <span class='ocrx_word' id='word_1_1091' title='bbox 3650 1762 3824 1819; x_wconf 64' lang='lat' dir='ltr'>Stasea</span> <span class='ocrx_word' id='word_1_1092' title='bbox 3914 1795 3915 1808; x_wconf 34' lang='grc' dir='ltr'><strong>κ</strong></span> 
     </span>
    </p>
   </div>
  </div>
 </body>
</html>
