<?xml version="1.0" encoding="UTF-8"?>
<!DOCTYPE html PUBLIC "-//W3C//DTD XHTML 1.0 Transitional//EN"
    "http://www.w3.org/TR/xhtml1/DTD/xhtml1-transitional.dtd">
<html xmlns="http://www.w3.org/1999/xhtml" xml:lang="en" lang="en">
 <head>
  <title>
</title>
<meta http-equiv="Content-Type" content="text/html;charset=utf-8" />
  <meta name='ocr-system' content='tesseract 3.04.00' />
  <meta name='ocr-capabilities' content='ocr_page ocr_carea ocr_par ocr_line ocrx_word'/>
</head>
<body>
  <div class='ocr_page' id='page_1' title='image "./joannisvoetcomm00burmgoog_0382.png"; bbox 0 0 3971 5383; ppageno 0'>
   <div class='ocr_carea' id='block_1_1' title="bbox 573 214 700 286">
    <p class='ocr_par' dir='ltr' id='par_1_1' title="bbox 573 214 700 286">
     <span class='ocr_line' id='line_1_1' title="bbox 573 214 700 286; baseline 0 0"><span class='ocrx_word' id='word_1_1' title='bbox 573 214 700 286; x_wconf 75' lang='lat'>‚56</span> 
     </span>
    </p>
   </div>
   <div class='ocr_carea' id='block_1_2' title="bbox 1824 181 2571 286">
    <p class='ocr_par' dir='ltr' id='par_1_2' title="bbox 1824 181 2571 286">
     <span class='ocr_line' id='line_1_2' title="bbox 1824 181 2571 286; baseline -0.003 -2"><span class='ocrx_word' id='word_1_2' title='bbox 1824 221 1965 284; x_wconf 66' lang='lat' dir='ltr'>Lis.</span> <span class='ocrx_word' id='word_1_3' title='bbox 2016 220 2258 286; x_wconf 82' lang='grc' dir='ltr'><strong>ΧΧιιι.</strong></span> <span class='ocrx_word' id='word_1_4' title='bbox 2310 223 2435 286; x_wconf 69' lang='grc' dir='ltr'><strong>ιιι.</strong></span> <span class='ocrx_word' id='word_1_5' title='bbox 2488 181 2571 283; x_wconf 79' lang='grc' dir='ltr'>ιι.</span> 
     </span>
    </p>
   </div>
   <div class='ocr_carea' id='block_1_3' title="bbox 521 303 3835 381">
    <p class='ocr_par' dir='ltr' id='par_1_3' title="bbox 521 303 3835 381">
     <span class='ocr_line' id='line_1_3' title="bbox 521 303 3835 381; baseline 0 -12"><span class='ocrx_word' id='word_1_6' title='bbox 521 310 855 369; x_wconf 69' lang='lat' dir='ltr'>nntrimonii</span> <span class='ocrx_word' id='word_1_7' title='bbox 891 307 1085 368; x_wconf 82' lang='lat' dir='ltr'>liberos</span> <span class='ocrx_word' id='word_1_8' title='bbox 1121 308 1395 381; x_wconf 71' lang='lat' dir='ltr'>aqualiter</span> <span class='ocrx_word' id='word_1_9' title='bbox 1438 308 1788 370; x_wconf 85' lang='lat' dir='ltr'>dividendum</span> <span class='ocrx_word' id='word_1_10' title='bbox 1833 315 1934 368; x_wconf 71' lang='lat' dir='ltr'>erit</span> <span class='ocrx_word' id='word_1_11' title='bbox 1953 352 1971 379; x_wconf 87' lang='lat'>,</span> <span class='ocrx_word' id='word_1_12' title='bbox 2022 328 2145 370; x_wconf 83' lang='lat' dir='ltr'>cum</span> <span class='ocrx_word' id='word_1_13' title='bbox 2208 309 2297 378; x_wconf 70' lang='lat' dir='ltr'>bis,</span> <span class='ocrx_word' id='word_1_14' title='bbox 2312 328 2364 368; x_wconf 85' lang='lat'>2.</span> <span class='ocrx_word' id='word_1_15' title='bbox 2402 313 2460 370; x_wconf 78' lang='lat' dir='ltr'>in</span> <span class='ocrx_word' id='word_1_16' title='bbox 2476 309 2598 377; x_wconf 71' lang='lat' dir='ltr'>fias,</span> <span class='ocrx_word' id='word_1_17' title='bbox 2632 303 2706 368; x_wconf 84' lang='lat' dir='ltr'>ab</span> <span class='ocrx_word' id='word_1_18' title='bbox 2802 319 2898 365; x_wconf 86' lang='lat' dir='ltr'>ato</span> <span class='ocrx_word' id='word_1_19' title='bbox 2930 305 3188 368; x_wconf 62' lang='lat' dir='ltr'>haetenus</span> <span class='ocrx_word' id='word_1_20' title='bbox 3208 303 3322 378; x_wconf 73' lang='lat' dir='ltr'>iure</span> <span class='ocrx_word' id='word_1_21' title='bbox 3358 313 3544 381; x_wconf 85' lang='lat' dir='ltr'>veteri,</span> <span class='ocrx_word' id='word_1_22' title='bbox 3579 312 3725 381; x_wconf 81' lang='lat' dir='ltr'>quod</span> <span class='ocrx_word' id='word_1_23' title='bbox 3756 323 3835 371; x_wconf 74' lang='lat' dir='ltr'>ent</span> 
     </span>
    </p>
   </div>
   <div class='ocr_carea' id='block_1_4' title="bbox 493 377 2159 4190">
    <p class='ocr_par' dir='ltr' id='par_1_4' title="bbox 517 377 2153 1426">
     <span class='ocr_line' id='line_1_4' title="bbox 522 377 2153 451; baseline -0.004 -10"><span class='ocrx_word' id='word_1_24' title='bbox 522 382 797 450; x_wconf 78' lang='lat' dir='ltr'>aequaliter</span> <span class='ocrx_word' id='word_1_25' title='bbox 831 379 918 437; x_wconf 84' lang='lat' dir='ltr'>his</span> <span class='ocrx_word' id='word_1_26' title='bbox 949 379 1200 438; x_wconf 84' lang='lat' dir='ltr'>omnibus</span> <span class='ocrx_word' id='word_1_27' title='bbox 1235 399 1326 450; x_wconf 89' lang='lat' dir='ltr'>per</span> <span class='ocrx_word' id='word_1_28' title='bbox 1358 398 1603 451; x_wconf 87' lang='lat' dir='ltr'>quartum</span> <span class='ocrx_word' id='word_1_29' title='bbox 1655 377 1814 446; x_wconf 83' lang='lat' dir='ltr'>coniu</span> <span class='ocrx_word' id='word_1_30' title='bbox 1852 386 1962 438; x_wconf 85' lang='lat' dir='ltr'>ium</span> <span class='ocrx_word' id='word_1_31' title='bbox 2010 380 2153 440; x_wconf 77' lang='lat' dir='ltr'>laesio</span> 
     </span>
     <span class='ocr_line' id='line_1_5' title="bbox 522 449 2150 524; baseline 0.001 -19"><span class='ocrx_word' id='word_1_32' title='bbox 522 452 679 507; x_wconf 73' lang='lat' dir='ltr'>illata</span> <span class='ocrx_word' id='word_1_33' title='bbox 716 453 822 517; x_wconf 78' lang='lat' dir='ltr'>sit3</span> <span class='ocrx_word' id='word_1_34' title='bbox 857 450 1093 522; x_wconf 79' lang='lat' dir='ltr'>adeoque</span> <span class='ocrx_word' id='word_1_35' title='bbox 1110 449 1430 524; x_wconf 81' lang='lat' dir='ltr'>generaliter</span> <span class='ocrx_word' id='word_1_36' title='bbox 1448 452 1751 520; x_wconf 81' lang='lat' dir='ltr'>acquiretur</span> <span class='ocrx_word' id='word_1_37' title='bbox 1770 449 1811 504; x_wconf 88' lang='lat' dir='ltr'>li</span> <span class='ocrx_word' id='word_1_38' title='bbox 1912 456 1955 508; x_wconf 90' lang='lat' dir='ltr'>is</span> <span class='ocrx_word' id='word_1_39' title='bbox 1971 454 2150 506; x_wconf 88' lang='lat' dir='ltr'>omni·-</span> 
     </span>
     <span class='ocr_line' id='line_1_6' title="bbox 520 519 2149 590; baseline -0.001 -12"><span class='ocrx_word' id='word_1_40' title='bbox 520 519 620 578; x_wconf 80' lang='lat' dir='ltr'>bus</span> <span class='ocrx_word' id='word_1_41' title='bbox 654 535 846 590; x_wconf 76' lang='lat' dir='ltr'>praeter</span> <span class='ocrx_word' id='word_1_42' title='bbox 879 538 985 588; x_wconf 88' lang='lat' dir='ltr'>eos,</span> <span class='ocrx_word' id='word_1_43' title='bbox 1020 526 1111 587; x_wconf 89' lang='lat' dir='ltr'>qui</span> <span class='ocrx_word' id='word_1_44' title='bbox 1143 537 1207 574; x_wconf 88' lang='lat' dir='ltr'>ex</span> <span class='ocrx_word' id='word_1_45' title='bbox 1247 533 1516 588; x_wconf 88' lang='lat' dir='ltr'>postremo</span> <span class='ocrx_word' id='word_1_46' title='bbox 1544 523 1929 587; x_wconf 59' lang='lat' dir='ltr'>matrimonio,</span> <span class='ocrx_word' id='word_1_47' title='bbox 1961 537 2053 576; x_wconf 86' lang='lat' dir='ltr'>seu</span> <span class='ocrx_word' id='word_1_48' title='bbox 2084 536 2149 576; x_wconf 80' lang='lat' dir='ltr'>ex</span> 
     </span>
     <span class='ocr_line' id='line_1_7' title="bbox 523 587 2151 661; baseline 0.002 -16"><span class='ocrx_word' id='word_1_49' title='bbox 523 592 542 645; x_wconf 88' lang='lat' dir='ltr'>i</span> <span class='ocrx_word' id='word_1_50' title='bbox 579 608 639 645; x_wconf 68' lang='lat' dir='ltr'>so</span> <span class='ocrx_word' id='word_1_51' title='bbox 673 588 899 661; x_wconf 79' lang='lat' dir='ltr'>conjuge</span> <span class='ocrx_word' id='word_1_52' title='bbox 937 596 1167 645; x_wconf 81' lang='lat' dir='ltr'>nimium</span> <span class='ocrx_word' id='word_1_53' title='bbox 1201 587 1488 659; x_wconf 87' lang='lat' dir='ltr'>honorato,</span> <span class='ocrx_word' id='word_1_54' title='bbox 1525 591 1638 645; x_wconf 88' lang='lat' dir='ltr'>nati</span> <span class='ocrx_word' id='word_1_55' title='bbox 1673 603 1843 654; x_wconf 79' lang='lat' dir='ltr'>sunt3</span> <span class='ocrx_word' id='word_1_56' title='bbox 1878 588 2018 658; x_wconf 85' lang='lat' dir='ltr'>quod</span> <span class='ocrx_word' id='word_1_57' title='bbox 2039 606 2151 648; x_wconf 84' lang='lat' dir='ltr'>non</span> 
     </span>
     <span class='ocr_line' id='line_1_8' title="bbox 520 610 2151 729; baseline -0.002 -16"><span class='ocrx_word' id='word_1_58' title='bbox 520 610 742 715; x_wconf 48' lang='lat' dir='ltr'>ozscure</span> <span class='ocrx_word' id='word_1_59' title='bbox 777 658 1055 727; x_wconf 66' lang='lat' dir='ltr'>praecipere</span> <span class='ocrx_word' id='word_1_60' title='bbox 1093 658 1298 715; x_wconf 82' lang='lat' dir='ltr'>videtur</span> <span class='ocrx_word' id='word_1_61' title='bbox 1337 657 1649 729; x_wconf 70' lang='lat' dir='ltr'>Imperator,</span> <span class='ocrx_word' id='word_1_62' title='bbox 1682 658 1811 715; x_wconf 90' lang='lat' dir='ltr'>dum</span> <span class='ocrx_word' id='word_1_63' title='bbox 1832 675 1941 712; x_wconf 86' lang='lat' dir='ltr'>non</span> <span class='ocrx_word' id='word_1_64' title='bbox 1969 660 2151 726; x_wconf 77' lang='lat' dir='ltr'>primi,</span> 
     </span>
     <span class='ocr_line' id='line_1_9' title="bbox 521 725 2153 797; baseline -0.003 -12"><span class='ocrx_word' id='word_1_65' title='bbox 521 729 615 786; x_wconf 77' lang='lat' dir='ltr'>sed</span> <span class='ocrx_word' id='word_1_66' title='bbox 649 726 956 797; x_wconf 83' lang='lat' dir='ltr'>generalius</span> <span class='ocrx_word' id='word_1_67' title='bbox 988 730 1172 796; x_wconf 65' lang='lat' dir='ltr'>prioris</span> <span class='ocrx_word' id='word_1_68' title='bbox 1210 731 1544 785; x_wconf 74' lang='lat' dir='ltr'><em>matrimonii</em></span> <span class='ocrx_word' id='word_1_69' title='bbox 1578 730 1909 786; x_wconf 79' lang='lat' dir='ltr'>mentionem</span> <span class='ocrx_word' id='word_1_70' title='bbox 1931 725 2153 794; x_wconf 78' lang='lat' dir='ltr'>habens,</span> 
     </span>
     <span class='ocr_line' id='line_1_10' title="bbox 524 794 2153 920; baseline -0.002 -67"><span class='ocrx_word' id='word_1_71' title='bbox 524 801 837 854; x_wconf 78' lang='lat' dir='ltr'>constituit:</span> <span class='ocrx_word' id='word_1_72' title='bbox 876 799 924 852; x_wconf 81' lang='lat' dir='ltr'>si</span> <span class='ocrx_word' id='word_1_73' title='bbox 955 801 1215 920; x_wconf 57' lang='lat' dir='ltr'>dtdpriort</span> <span class='ocrx_word' id='word_1_74' title='bbox 1251 799 1589 855; x_wconf 74' lang='lat' dir='ltr'>matrimonio</span> <span class='ocrx_word' id='word_1_75' title='bbox 1620 801 1900 867; x_wconf 72' lang='lat' dir='ltr'>procrearit</span> <span class='ocrx_word' id='word_1_76' title='bbox 1937 794 2111 852; x_wconf 69' lang='lat' dir='ltr'>liberis</span> <span class='ocrx_word' id='word_1_77' title='bbox 2136 835 2153 864; x_wconf 86' lang='lat'>‚</span> 
     </span>
     <span class='ocr_line' id='line_1_11' title="bbox 517 865 2147 938; baseline -0.001 -19"><span class='ocrx_word' id='word_1_78' title='bbox 517 882 669 936; x_wconf 73' lang='lat' dir='ltr'>pater</span> <span class='ocrx_word' id='word_1_79' title='bbox 702 884 937 922; x_wconf 73' lang='lat' dir='ltr'>materne</span> <span class='ocrx_word' id='word_1_80' title='bbox 969 887 1008 921; x_wconf 83' lang='lat' dir='ltr'>a</span> <span class='ocrx_word' id='word_1_81' title='bbox 1079 865 1330 937; x_wconf 77' lang='lat' dir='ltr'>secunda,</span> <span class='ocrx_word' id='word_1_82' title='bbox 1363 868 1453 924; x_wconf 81' lang='lat' dir='ltr'>vel</span> <span class='ocrx_word' id='word_1_83' title='bbox 1481 870 1664 938; x_wconf 72' lang='lat' dir='ltr'>tertia,</span> <span class='ocrx_word' id='word_1_84' title='bbox 1698 884 1795 922; x_wconf 77' lang='lat' dir='ltr'>aut</span> <span class='ocrx_word' id='word_1_85' title='bbox 1833 865 2049 928; x_wconf 69' lang='lat' dir='ltr'>ulterius·</span> <span class='ocrx_word' id='word_1_86' title='bbox 2070 886 2147 918; x_wconf 81' lang='lat' dir='ltr'>re-</span> 
     </span>
     <span class='ocr_line' id='line_1_12' title="bbox 517 934 2149 1009; baseline -0.002 -18"><span class='ocrx_word' id='word_1_87' title='bbox 517 939 666 1004; x_wconf 77' lang='lat' dir='ltr'>petiti</span> <span class='ocrx_word' id='word_1_88' title='bbox 702 938 1032 994; x_wconf 77' lang='lat' dir='ltr'>matrimonii</span> <span class='ocrx_word' id='word_1_89' title='bbox 1050 953 1172 992; x_wconf 78' lang='lat' dir='ltr'>vota</span> <span class='ocrx_word' id='word_1_90' title='bbox 1209 939 1482 1009; x_wconf 75' lang='lat' dir='ltr'>migravit,</span> <span class='ocrx_word' id='word_1_91' title='bbox 1515 956 1616 994; x_wconf 80' lang='lat' dir='ltr'>non</span> <span class='ocrx_word' id='word_1_92' title='bbox 1633 939 1703 992; x_wconf 83' lang='lat' dir='ltr'>sit</span> <span class='ocrx_word' id='word_1_93' title='bbox 1739 941 1788 991; x_wconf 80' lang='grc' dir='ltr'>η’</span> <span class='ocrx_word' id='word_1_94' title='bbox 1805 936 2018 992; x_wconf 74' lang='lat' dir='ltr'>licentia</span> <span class='ocrx_word' id='word_1_95' title='bbox 2039 934 2149 998; x_wconf 62' lang='lat' dir='ltr'>&amp;a</span> 
     </span>
     <span class='ocr_line' id='line_1_13' title="bbox 524 1003 2150 1075; baseline 0.001 -15"><span class='ocrx_word' id='word_1_96' title='bbox 524 1005 578 1060; x_wconf 79' lang='lat' dir='ltr'>d.</span> <span class='ocrx_word' id='word_1_97' title='bbox 613 1006 650 1062; x_wconf 81' lang='lat' dir='ltr'>l.</span> <span class='ocrx_word' id='word_1_98' title='bbox 683 1004 744 1063; x_wconf 89' lang='lat'>6.</span> <span class='ocrx_word' id='word_1_99' title='bbox 783 1009 840 1061; x_wconf 81' lang='lat' dir='ltr'>in</span> <span class='ocrx_word' id='word_1_100' title='bbox 871 1020 948 1073; x_wconf 72' lang='lat' dir='ltr'>pr.</span> <span class='ocrx_word' id='word_1_101' title='bbox 987 1006 1043 1060; x_wconf 88' lang='lat' dir='ltr'>C.</span> <span class='ocrx_word' id='word_1_102' title='bbox 1079 1003 1143 1060; x_wconf 82' lang='lat' dir='ltr'>de</span> <span class='ocrx_word' id='word_1_103' title='bbox 1178 1005 1388 1064; x_wconf 73' lang='lat' dir='ltr'>recunl.</span> <span class='ocrx_word' id='word_1_104' title='bbox 1444 1007 1654 1075; x_wconf 73' lang='lat' dir='ltr'>nuptiis.</span> <span class='ocrx_word' id='word_1_105' title='bbox 1768 1004 1923 1064; x_wconf 83' lang='lat' dir='ltr'>uibus</span> <span class='ocrx_word' id='word_1_106' title='bbox 1957 1006 2150 1062; x_wconf 77' lang='lat' dir='ltr'>similia</span> 
     </span>
     <span class='ocr_line' id='line_1_14' title="bbox 526 1072 2151 1146; baseline -0.002 -15"><span class='ocrx_word' id='word_1_107' title='bbox 526 1076 812 1133; x_wconf 85' lang='lat' dir='ltr'>traduntur</span> <span class='ocrx_word' id='word_1_108' title='bbox 848 1075 908 1130; x_wconf 88' lang='lat' dir='ltr'>in</span> <span class='ocrx_word' id='word_1_109' title='bbox 941 1073 995 1129; x_wconf 74' lang='lat' dir='ltr'>d.</span> <span class='ocrx_word' id='word_1_110' title='bbox 1032 1074 1215 1131; x_wconf 76' lang='lat' dir='ltr'>novell.</span> <span class='ocrx_word' id='word_1_111' title='bbox 1253 1091 1340 1131; x_wconf 85' lang='lat'>22.</span> <span class='ocrx_word' id='word_1_112' title='bbox 1379 1091 1492 1145; x_wconf 86' lang='lat' dir='ltr'>cap.</span> <span class='ocrx_word' id='word_1_113' title='bbox 1549 1074 1654 1146; x_wconf 61' lang='lat'>25„</span> <span class='ocrx_word' id='word_1_114' title='bbox 1684 1094 1718 1130; x_wconf 89' lang='lat' dir='ltr'>u</span> <span class='ocrx_word' id='word_1_115' title='bbox 1761 1077 1773 1088; x_wconf 84' lang='grc'><strong>”</strong></span> <span class='ocrx_word' id='word_1_116' title='bbox 1815 1072 1961 1130; x_wconf 87' lang='lat' dir='ltr'>lucra</span> <span class='ocrx_word' id='word_1_117' title='bbox 2016 1073 2151 1131; x_wconf 87' lang='lat' dir='ltr'>talia</span> 
     </span>
     <span class='ocr_line' id='line_1_15' title="bbox 525 1142 2149 1214; baseline 0 -16"><span class='ocrx_word' id='word_1_118' title='bbox 525 1143 607 1198; x_wconf 80' lang='lat' dir='ltr'>ad</span> <span class='ocrx_word' id='word_1_119' title='bbox 630 1142 765 1212; x_wconf 75' lang='lat' dir='ltr'>filios</span> <span class='ocrx_word' id='word_1_120' title='bbox 799 1163 980 1198; x_wconf 67' lang='lat' dir='ltr'>omnes</span> <span class='ocrx_word' id='word_1_121' title='bbox 1014 1163 1078 1198; x_wconf 73' lang='lat' dir='ltr'>er</span> <span class='ocrx_word' id='word_1_122' title='bbox 1110 1143 1359 1212; x_wconf 72' lang='lat' dir='ltr'>prioribus</span> <span class='ocrx_word' id='word_1_123' title='bbox 1414 1149 1607 1214; x_wconf 73' lang='lat' dir='ltr'>nuptiit</span> <span class='ocrx_word' id='word_1_124' title='bbox 1643 1143 1893 1202; x_wconf 88' lang='lat' dir='ltr'>dicuntur</span> <span class='ocrx_word' id='word_1_125' title='bbox 1950 1147 2149 1206; x_wconf 82' lang='lat' dir='ltr'>venire.</span> 
     </span>
     <span class='ocr_line' id='line_1_16' title="bbox 528 1211 2152 1276; baseline -0.001 -6"><span class='ocrx_word' id='word_1_126' title='bbox 528 1211 812 1271; x_wconf 88' lang='lat' dir='ltr'>Hodierna</span> <span class='ocrx_word' id='word_1_127' title='bbox 848 1211 930 1270; x_wconf 76' lang='lat' dir='ltr'>ad</span> <span class='ocrx_word' id='word_1_128' title='bbox 941 1213 990 1268; x_wconf 25' lang='lat' dir='ltr'>cl.</span> <span class='ocrx_word' id='word_1_129' title='bbox 1031 1211 1131 1268; x_wconf 83' lang='lat' dir='ltr'>bac</span> <span class='ocrx_word' id='word_1_130' title='bbox 1166 1212 1384 1272; x_wconf 59' lang='lat' dir='ltr'>ediliale’</span> <span class='ocrx_word' id='word_1_131' title='bbox 1416 1213 1470 1271; x_wconf 89' lang='grc'>6.</span> <span class='ocrx_word' id='word_1_132' title='bbox 1549 1213 1627 1270; x_wconf 82' lang='lat' dir='ltr'>od.</span> <span class='ocrx_word' id='word_1_133' title='bbox 1664 1213 1728 1268; x_wconf 77' lang='lat' dir='ltr'>de</span> <span class='ocrx_word' id='word_1_134' title='bbox 1780 1213 2017 1272; x_wconf 73' lang='lat' dir='ltr'>secundis</span> <span class='ocrx_word' id='word_1_135' title='bbox 2050 1234 2152 1276; x_wconf 72' lang='lat' dir='ltr'>nu-</span> 
     </span>
     <span class='ocr_line' id='line_1_17' title="bbox 522 1280 2151 1358; baseline -0.001 -19"><span class='ocrx_word' id='word_1_136' title='bbox 522 1285 663 1356; x_wconf 65' lang='lat' dir='ltr'>peiir,</span> <span class='ocrx_word' id='word_1_137' title='bbox 697 1299 875 1356; x_wconf 63' lang='lat' dir='ltr'>quaest.</span> <span class='ocrx_word' id='word_1_138' title='bbox 910 1280 999 1351; x_wconf 78' lang='grc' dir='ltr'><strong>4ο.</strong></span> <span class='ocrx_word' id='word_1_139' title='bbox 1036 1280 1216 1358; x_wconf 58' lang='lat' dir='ltr'>Abali.</span> <span class='ocrx_word' id='word_1_140' title='bbox 1252 1302 1285 1340; x_wconf 87' lang='lat' dir='ltr'>a</span> <span class='ocrx_word' id='word_1_141' title='bbox 1324 1281 1524 1346; x_wconf 83' lang='lat' dir='ltr'>Wesel</span> <span class='ocrx_word' id='word_1_142' title='bbox 1555 1281 1634 1342; x_wconf 82' lang='lat' dir='ltr'>ad</span> <span class='ocrx_word' id='word_1_143' title='bbox 1661 1282 1894 1338; x_wconf 77' lang='lat' dir='ltr'>novellas</span> <span class='ocrx_word' id='word_1_144' title='bbox 1946 1285 2151 1344; x_wconf 66' lang='lat' dir='ltr'>constit.</span> 
     </span>
     <span class='ocr_line' id='line_1_18' title="bbox 528 1353 1919 1426; baseline -0.001 -16"><span class='ocrx_word' id='word_1_145' title='bbox 528 1354 809 1426; x_wconf 58' lang='lat' dir='ltr'>&amp;lsi-ajell.</span> <span class='ocrx_word' id='word_1_146' title='bbox 848 1367 954 1410; x_wconf 80' lang='lat' dir='ltr'>art.</span> <span class='ocrx_word' id='word_1_147' title='bbox 999 1369 1080 1411; x_wconf 76' lang='grc' dir='ltr'>ιο.</span> <span class='ocrx_word' id='word_1_148' title='bbox 1118 1373 1265 1410; x_wconf 80' lang='lat' dir='ltr'>num.</span> <span class='ocrx_word' id='word_1_149' title='bbox 1304 1353 1388 1424; x_wconf 74' lang='grc'><strong>74.</strong></span> <span class='ocrx_word' id='word_1_150' title='bbox 1912 1388 1919 1395; x_wconf 95' lang='grc'>-</span> 
     </span>
    </p>

    <p class='ocr_par' dir='ltr' id='par_1_5' title="bbox 529 1420 2159 3168">
     <span class='ocr_line' id='line_1_19' title="bbox 613 1420 2152 1495; baseline 0.001 -17"><span class='ocrx_word' id='word_1_151' title='bbox 613 1441 728 1482; x_wconf 91' lang='grc' dir='ltr'><strong>ιιι.</strong></span> <span class='ocrx_word' id='word_1_152' title='bbox 766 1420 924 1481; x_wconf 82' lang='lat' dir='ltr'>Licet</span> <span class='ocrx_word' id='word_1_153' title='bbox 958 1435 1142 1482; x_wconf 85' lang='lat' dir='ltr'>autem</span> <span class='ocrx_word' id='word_1_154' title='bbox 1171 1422 1250 1491; x_wconf 86' lang='lat' dir='ltr'>id,</span> <span class='ocrx_word' id='word_1_155' title='bbox 1284 1423 1427 1494; x_wconf 85' lang='lat' dir='ltr'>quod</span> <span class='ocrx_word' id='word_1_156' title='bbox 1461 1420 1677 1495; x_wconf 76' lang='lat' dir='ltr'>coniugi</span> <span class='ocrx_word' id='word_1_157' title='bbox 1697 1422 1931 1482; x_wconf 86' lang='lat' dir='ltr'>secundo</span> <span class='ocrx_word' id='word_1_158' title='bbox 1967 1421 2053 1481; x_wconf 86' lang='lat' dir='ltr'>vel</span> <span class='ocrx_word' id='word_1_159' title='bbox 2070 1441 2152 1480; x_wconf 89' lang='lat' dir='ltr'>se-</span> 
     </span>
     <span class='ocr_line' id='line_1_20' title="bbox 529 1492 2154 1563; baseline -0.004 -10"><span class='ocrx_word' id='word_1_160' title='bbox 529 1495 716 1553; x_wconf 80' lang='lat' dir='ltr'>cundae</span> <span class='ocrx_word' id='word_1_161' title='bbox 750 1493 1060 1563; x_wconf 72' lang='lat' dir='ltr'>ademtam,</span> <span class='ocrx_word' id='word_1_162' title='bbox 1108 1505 1364 1561; x_wconf 83' lang='lat' dir='ltr'>tanquam</span> <span class='ocrx_word' id='word_1_163' title='bbox 1397 1511 1557 1561; x_wconf 80' lang='lat' dir='ltr'>supra</span> <span class='ocrx_word' id='word_1_164' title='bbox 1592 1496 1813 1550; x_wconf 86' lang='lat' dir='ltr'>modum</span> <span class='ocrx_word' id='word_1_165' title='bbox 1846 1493 2034 1550; x_wconf 88' lang='lat' dir='ltr'>datum</span> <span class='ocrx_word' id='word_1_166' title='bbox 2071 1492 2154 1547; x_wconf 81' lang='lat' dir='ltr'>vel</span> 
     </span>
     <span class='ocr_line' id='line_1_21' title="bbox 534 1560 2153 1636; baseline -0.002 -17"><span class='ocrx_word' id='word_1_167' title='bbox 534 1567 795 1636; x_wconf 76' lang='lat' dir='ltr'>legatum,</span> <span class='ocrx_word' id='word_1_168' title='bbox 828 1564 883 1620; x_wconf 66' lang='lat' dir='ltr'>Er</span> <span class='ocrx_word' id='word_1_169' title='bbox 922 1567 1000 1617; x_wconf 88' lang='lat' dir='ltr'>ita</span> <span class='ocrx_word' id='word_1_170' title='bbox 1054 1562 1244 1631; x_wconf 85' lang='lat' dir='ltr'>prioris</span> <span class='ocrx_word' id='word_1_171' title='bbox 1261 1564 1600 1619; x_wconf 78' lang='lat' dir='ltr'>matrimonii</span> <span class='ocrx_word' id='word_1_172' title='bbox 1635 1560 1822 1618; x_wconf 87' lang='lat' dir='ltr'>liberis</span> <span class='ocrx_word' id='word_1_173' title='bbox 1839 1563 2153 1631; x_wconf 85' lang='lat' dir='ltr'>acquisitum</span> 
     </span>
     <span class='ocr_line' id='line_1_22' title="bbox 532 1630 2153 1703; baseline -0.004 -12"><span class='ocrx_word' id='word_1_174' title='bbox 532 1647 633 1703; x_wconf 89' lang='lat' dir='ltr'>est,</span> <span class='ocrx_word' id='word_1_175' title='bbox 671 1632 796 1701; x_wconf 86' lang='lat' dir='ltr'>ipsis</span> <span class='ocrx_word' id='word_1_176' title='bbox 833 1633 890 1686; x_wconf 87' lang='lat' dir='ltr'>in</span> <span class='ocrx_word' id='word_1_177' title='bbox 927 1630 1221 1703; x_wconf 83' lang='lat' dir='ltr'>legitimam</span> <span class='ocrx_word' id='word_1_178' title='bbox 1257 1630 1399 1688; x_wconf 85' lang='lat' dir='ltr'>haud</span> <span class='ocrx_word' id='word_1_179' title='bbox 1436 1633 1806 1701; x_wconf 84' lang='lat' dir='ltr'>imputandum</span> <span class='ocrx_word' id='word_1_180' title='bbox 1823 1633 1932 1697; x_wconf 82' lang='lat' dir='ltr'>sit3</span> <span class='ocrx_word' id='word_1_181' title='bbox 1969 1631 2153 1702; x_wconf 87' lang='lat' dir='ltr'>(utdi-</span> 
     </span>
     <span class='ocr_line' id='line_1_23' title="bbox 537 1699 2153 1772; baseline 0.001 -16"><span class='ocrx_word' id='word_1_182' title='bbox 537 1717 688 1760; x_wconf 89' lang='lat' dir='ltr'>ctum</span> <span class='ocrx_word' id='word_1_183' title='bbox 723 1704 809 1756; x_wconf 81' lang='lat' dir='ltr'>tit.</span> <span class='ocrx_word' id='word_1_184' title='bbox 847 1699 909 1768; x_wconf 63' lang='lat' dir='ltr'>A&lt;</span> <span class='ocrx_word' id='word_1_185' title='bbox 936 1699 1081 1772; x_wconf 83' lang='lat' dir='ltr'>inoff.</span> <span class='ocrx_word' id='word_1_186' title='bbox 1118 1700 1455 1770; x_wconf 68' lang='lat' dir='ltr'>testamento)</span> <span class='ocrx_word' id='word_1_187' title='bbox 1492 1716 1667 1757; x_wconf 89' lang='lat' dir='ltr'>tamen</span> <span class='ocrx_word' id='word_1_188' title='bbox 1689 1705 1734 1756; x_wconf 87' lang='lat' dir='ltr'>si</span> <span class='ocrx_word' id='word_1_189' title='bbox 1771 1721 1960 1769; x_wconf 85' lang='lat' dir='ltr'>parens</span> <span class='ocrx_word' id='word_1_190' title='bbox 1997 1701 2153 1758; x_wconf 87' lang='lat' dir='ltr'>binu-</span> 
     </span>
     <span class='ocr_line' id='line_1_24' title="bbox 530 1767 2154 1842; baseline 0.001 -16"><span class='ocrx_word' id='word_1_191' title='bbox 530 1771 629 1828; x_wconf 84' lang='lat' dir='ltr'>bus</span> <span class='ocrx_word' id='word_1_192' title='bbox 663 1771 760 1828; x_wconf 90' lang='lat' dir='ltr'>uni</span> <span class='ocrx_word' id='word_1_193' title='bbox 794 1786 860 1826; x_wconf 83' lang='lat' dir='ltr'>ex</span> <span class='ocrx_word' id='word_1_194' title='bbox 897 1767 1075 1830; x_wconf 84' lang='lat' dir='ltr'>liberis</span> <span class='ocrx_word' id='word_1_195' title='bbox 1112 1772 1305 1841; x_wconf 80' lang='lat' dir='ltr'>prioris</span> <span class='ocrx_word' id='word_1_196' title='bbox 1342 1772 1681 1827; x_wconf 81' lang='lat' dir='ltr'>matrimonii</span> <span class='ocrx_word' id='word_1_197' title='bbox 1715 1776 1891 1828; x_wconf 88' lang='lat' dir='ltr'>minus</span> <span class='ocrx_word' id='word_1_198' title='bbox 1927 1769 2154 1842; x_wconf 82' lang='lat' dir='ltr'>relique-</span> 
     </span>
     <span class='ocr_line' id='line_1_25' title="bbox 537 1838 2157 1913; baseline 0.001 -16"><span class='ocrx_word' id='word_1_199' title='bbox 537 1846 610 1897; x_wconf 86' lang='lat' dir='ltr'>rit</span> <span class='ocrx_word' id='word_1_200' title='bbox 652 1855 812 1911; x_wconf 84' lang='lat' dir='ltr'>quam</span> <span class='ocrx_word' id='word_1_201' title='bbox 848 1838 1160 1911; x_wconf 85' lang='lat' dir='ltr'>legitimam,</span> <span class='ocrx_word' id='word_1_202' title='bbox 1197 1839 1394 1909; x_wconf 80' lang='lat' dir='ltr'>placuit</span> <span class='ocrx_word' id='word_1_203' title='bbox 1435 1840 1747 1910; x_wconf 88' lang='lat' dir='ltr'>nonnullis,</span> <span class='ocrx_word' id='word_1_204' title='bbox 1783 1858 1848 1902; x_wconf 89' lang='lat' dir='ltr'>ex</span> <span class='ocrx_word' id='word_1_205' title='bbox 1885 1857 1981 1911; x_wconf 89' lang='lat' dir='ltr'>e0,</span> <span class='ocrx_word' id='word_1_206' title='bbox 2015 1841 2157 1913; x_wconf 90' lang='lat' dir='ltr'>quod</span> 
     </span>
     <span class='ocr_line' id='line_1_26' title="bbox 532 1908 2157 1980; baseline 0.002 -16"><span class='ocrx_word' id='word_1_207' title='bbox 532 1910 748 1980; x_wconf 68' lang='lat' dir='ltr'>coniugi</span> <span class='ocrx_word' id='word_1_208' title='bbox 784 1910 1017 1970; x_wconf 82' lang='lat' dir='ltr'>secundo</span> <span class='ocrx_word' id='word_1_209' title='bbox 1050 1912 1325 1970; x_wconf 75' lang='lat' dir='ltr'>ademtam</span> <span class='ocrx_word' id='word_1_210' title='bbox 1364 1921 1465 1976; x_wconf 88' lang='lat' dir='ltr'>est,</span> <span class='ocrx_word' id='word_1_211' title='bbox 1500 1908 1728 1980; x_wconf 87' lang='lat' dir='ltr'>suppleri</span> <span class='ocrx_word' id='word_1_212' title='bbox 1747 1913 1892 1977; x_wconf 78' lang='lat' dir='ltr'>prius</span> <span class='ocrx_word' id='word_1_213' title='bbox 1909 1923 2157 1979; x_wconf 84' lang='lat' dir='ltr'>oportere</span> 
     </span>
     <span class='ocr_line' id='line_1_27' title="bbox 535 1976 2156 2053; baseline 0.001 -14"><span class='ocrx_word' id='word_1_214' title='bbox 535 1981 833 2053; x_wconf 83' lang='lat' dir='ltr'>legitimam</span> <span class='ocrx_word' id='word_1_215' title='bbox 863 1980 952 2049; x_wconf 84' lang='lat' dir='ltr'>ei,</span> <span class='ocrx_word' id='word_1_216' title='bbox 987 1982 1074 2037; x_wconf 89' lang='lat' dir='ltr'>cui</span> <span class='ocrx_word' id='word_1_217' title='bbox 1109 1986 1284 2036; x_wconf 84' lang='lat' dir='ltr'>minus</span> <span class='ocrx_word' id='word_1_218' title='bbox 1320 1978 1562 2040; x_wconf 87' lang='lat' dir='ltr'>relictum</span> <span class='ocrx_word' id='word_1_219' title='bbox 1597 1976 1803 2050; x_wconf 80' lang='lat' dir='ltr'>fuerat,</span> <span class='ocrx_word' id='word_1_220' title='bbox 1834 1981 2030 2044; x_wconf 85' lang='lat' dir='ltr'>deinde</span> <span class='ocrx_word' id='word_1_221' title='bbox 2064 1981 2119 2040; x_wconf 86' lang='lat' dir='ltr'>id</span> <span class='ocrx_word' id='word_1_222' title='bbox 2140 2022 2156 2051; x_wconf 94' lang='lat'>,</span> 
     </span>
     <span class='ocr_line' id='line_1_28' title="bbox 534 2048 2156 2120; baseline -0.003 -12"><span class='ocrx_word' id='word_1_223' title='bbox 534 2049 678 2120; x_wconf 88' lang='lat' dir='ltr'>quod</span> <span class='ocrx_word' id='word_1_224' title='bbox 709 2061 943 2119; x_wconf 80' lang='lat' dir='ltr'>superest</span> <span class='ocrx_word' id='word_1_225' title='bbox 979 2048 1250 2119; x_wconf 81' lang='lat' dir='ltr'>aequaliter</span> <span class='ocrx_word' id='word_1_226' title='bbox 1286 2050 1430 2106; x_wconf 88' lang='lat' dir='ltr'>inter</span> <span class='ocrx_word' id='word_1_227' title='bbox 1466 2052 1702 2117; x_wconf 84' lang='lat' dir='ltr'>priorum</span> <span class='ocrx_word' id='word_1_228' title='bbox 1749 2056 2053 2118; x_wconf 85' lang='lat' dir='ltr'>nuptiarum</span> <span class='ocrx_word' id='word_1_229' title='bbox 2091 2050 2156 2104; x_wconf 88' lang='lat' dir='ltr'>li-</span> 
     </span>
     <span class='ocr_line' id='line_1_29' title="bbox 537 2113 2159 2189; baseline -0.001 -14"><span class='ocrx_word' id='word_1_230' title='bbox 537 2119 692 2176; x_wconf 82' lang='lat' dir='ltr'>beros</span> <span class='ocrx_word' id='word_1_231' title='bbox 721 2117 1074 2182; x_wconf 75' lang='lat' dir='ltr'>dividendum</span> <span class='ocrx_word' id='word_1_232' title='bbox 1126 2136 1268 2189; x_wconf 86' lang='lat' dir='ltr'>esse,</span> <span class='ocrx_word' id='word_1_233' title='bbox 1305 2113 1378 2174; x_wconf 86' lang='lat' dir='ltr'>D.</span> <span class='ocrx_word' id='word_1_234' title='bbox 1413 2118 1680 2177; x_wconf 80' lang='lat' dir='ltr'>lohannes</span> <span class='ocrx_word' id='word_1_235' title='bbox 1713 2136 1746 2174; x_wconf 81' lang='lat' dir='ltr'>a</span> <span class='ocrx_word' id='word_1_236' title='bbox 1781 2118 2060 2188; x_wconf 78' lang='lat' dir='ltr'>someren,</span> <span class='ocrx_word' id='word_1_237' title='bbox 2095 2117 2159 2173; x_wconf 82' lang='lat' dir='ltr'>de</span> 
     </span>
     <span class='ocr_line' id='line_1_30' title="bbox 535 2185 2156 2254; baseline -0.002 -8"><span class='ocrx_word' id='word_1_238' title='bbox 535 2207 739 2246; x_wconf 71' lang='lat' dir='ltr'>noves-c.</span> <span class='ocrx_word' id='word_1_239' title='bbox 778 2202 888 2254; x_wconf 80' lang='lat' dir='ltr'>cap.</span> <span class='ocrx_word' id='word_1_240' title='bbox 933 2205 1016 2246; x_wconf 92' lang='grc' dir='ltr'>ιι.</span> <span class='ocrx_word' id='word_1_241' title='bbox 1053 2189 1178 2245; x_wconf 58' lang='lat' dir='ltr'>ms).</span> <span class='ocrx_word' id='word_1_242' title='bbox 1198 2203 1247 2243; x_wconf 84' lang='grc'>2.</span> <span class='ocrx_word' id='word_1_243' title='bbox 1286 2208 1339 2253; x_wconf 70' lang='grc' dir='ltr'>η,</span> <span class='ocrx_word' id='word_1_244' title='bbox 1374 2185 1425 2244; x_wconf 86' lang='grc'><strong>5.</strong></span> <span class='ocrx_word' id='word_1_245' title='bbox 1451 2188 1647 2247; x_wconf 80' lang='lat' dir='ltr'>Wesel</span> <span class='ocrx_word' id='word_1_246' title='bbox 1685 2189 1767 2244; x_wconf 78' lang='lat' dir='ltr'>ad</span> <span class='ocrx_word' id='word_1_247' title='bbox 1793 2190 2019 2246; x_wconf 77' lang='lat' dir='ltr'>novellas</span> <span class='ocrx_word' id='word_1_248' title='bbox 2038 2209 2156 2244; x_wconf 79' lang='lat' dir='ltr'>con-</span> 
     </span>
     <span class='ocr_line' id='line_1_31' title="bbox 534 2254 2157 2327; baseline -0.002 -13"><span class='ocrx_word' id='word_1_249' title='bbox 534 2260 646 2314; x_wconf 79' lang='lat' dir='ltr'>stit.</span> <span class='ocrx_word' id='word_1_250' title='bbox 685 2255 963 2326; x_wconf 71' lang='lat' dir='ltr'>Ultrajeo‘i.</span> <span class='ocrx_word' id='word_1_251' title='bbox 1003 2273 1107 2314; x_wconf 77' lang='lat' dir='ltr'>ort.</span> <span class='ocrx_word' id='word_1_252' title='bbox 1150 2274 1227 2316; x_wconf 83' lang='lat' dir='ltr'>ro.</span> <span class='ocrx_word' id='word_1_253' title='bbox 1260 2278 1314 2313; x_wconf 84' lang='lat' dir='ltr'>n.</span> <span class='ocrx_word' id='word_1_254' title='bbox 1359 2254 1472 2313; x_wconf 87' lang='lat'><strong>106.</strong></span> <span class='ocrx_word' id='word_1_255' title='bbox 1505 2273 1612 2327; x_wconf 72' lang='lat' dir='ltr'>port</span> <span class='ocrx_word' id='word_1_256' title='bbox 1649 2260 1785 2314; x_wconf 79' lang='lat' dir='ltr'>med.</span> <span class='ocrx_word' id='word_1_257' title='bbox 1844 2258 1953 2315; x_wconf 86' lang='lat' dir='ltr'>Sed</span> <span class='ocrx_word' id='word_1_258' title='bbox 1987 2259 2033 2313; x_wconf 88' lang='lat' dir='ltr'>si</span> <span class='ocrx_word' id='word_1_259' title='bbox 2068 2276 2157 2327; x_wconf 85' lang='lat' dir='ltr'>pe-</span> 
     </span>
     <span class='ocr_line' id='line_1_32' title="bbox 533 2325 2157 2397; baseline 0.002 -14"><span class='ocrx_word' id='word_1_260' title='bbox 533 2328 704 2383; x_wconf 78' lang='lat' dir='ltr'>nitius</span> <span class='ocrx_word' id='word_1_261' title='bbox 740 2328 1112 2396; x_wconf 82' lang='lat' dir='ltr'>perpendatur,</span> <span class='ocrx_word' id='word_1_262' title='bbox 1148 2326 1355 2382; x_wconf 87' lang='lat' dir='ltr'>lucrum</span> <span class='ocrx_word' id='word_1_263' title='bbox 1389 2325 1511 2397; x_wconf 83' lang='lat' dir='ltr'>hoc,</span> <span class='ocrx_word' id='word_1_264' title='bbox 1545 2328 1687 2397; x_wconf 87' lang='lat' dir='ltr'>quod</span> <span class='ocrx_word' id='word_1_265' title='bbox 1721 2325 1877 2394; x_wconf 71' lang='lat' dir='ltr'>conju</span> <span class='ocrx_word' id='word_1_266' title='bbox 1919 2329 1933 2379; x_wconf 89' lang='lat' dir='ltr'>i</span> <span class='ocrx_word' id='word_1_267' title='bbox 1968 2347 2157 2396; x_wconf 80' lang='lat' dir='ltr'>secun·</span> 
     </span>
     <span class='ocr_line' id='line_1_33' title="bbox 534 2396 2156 2465; baseline 0.001 -12"><span class='ocrx_word' id='word_1_268' title='bbox 534 2398 609 2454; x_wconf 89' lang='lat' dir='ltr'>do</span> <span class='ocrx_word' id='word_1_269' title='bbox 640 2396 912 2464; x_wconf 87' lang='lat' dir='ltr'>adimitur,</span> <span class='ocrx_word' id='word_1_270' title='bbox 952 2396 1130 2454; x_wconf 84' lang='lat' dir='ltr'>liberis</span> <span class='ocrx_word' id='word_1_271' title='bbox 1163 2397 1356 2464; x_wconf 85' lang='lat' dir='ltr'>prioris</span> <span class='ocrx_word' id='word_1_272' title='bbox 1390 2398 1719 2456; x_wconf 82' lang='lat' dir='ltr'>matrimonii</span> <span class='ocrx_word' id='word_1_273' title='bbox 1751 2414 1894 2465; x_wconf 85' lang='lat' dir='ltr'>aequa</span> <span class='ocrx_word' id='word_1_274' title='bbox 1922 2405 2022 2454; x_wconf 88' lang='lat' dir='ltr'>iter</span> <span class='ocrx_word' id='word_1_275' title='bbox 2071 2416 2156 2454; x_wconf 84' lang='lat' dir='ltr'>ce·</span> 
     </span>
     <span class='ocr_line' id='line_1_34' title="bbox 529 2464 2157 2541; baseline -0.001 -19"><span class='ocrx_word' id='word_1_276' title='bbox 529 2469 678 2534; x_wconf 87' lang='lat' dir='ltr'>dere,</span> <span class='ocrx_word' id='word_1_277' title='bbox 714 2464 838 2526; x_wconf 78' lang='lat' dir='ltr'>licet</span> <span class='ocrx_word' id='word_1_278' title='bbox 871 2483 938 2524; x_wconf 78' lang='lat' dir='ltr'>ex</span> <span class='ocrx_word' id='word_1_279' title='bbox 973 2464 1207 2534; x_wconf 84' lang='lat' dir='ltr'>partibus</span> <span class='ocrx_word' id='word_1_280' title='bbox 1241 2465 1582 2541; x_wconf 63' lang='lat' dir='ltr'>ina-qualibus</span> <span class='ocrx_word' id='word_1_281' title='bbox 1603 2469 1811 2535; x_wconf 87' lang='lat' dir='ltr'>parenti</span> <span class='ocrx_word' id='word_1_282' title='bbox 1839 2466 2045 2523; x_wconf 90' lang='lat' dir='ltr'>binubo</span> <span class='ocrx_word' id='word_1_283' title='bbox 2064 2466 2157 2522; x_wconf 80' lang='lat' dir='ltr'>he·</span> 
     </span>
     <span class='ocr_line' id='line_1_35' title="bbox 534 2534 2157 2606; baseline 0.001 -15"><span class='ocrx_word' id='word_1_284' title='bbox 534 2535 686 2594; x_wconf 86' lang='lat' dir='ltr'>redes</span> <span class='ocrx_word' id='word_1_285' title='bbox 717 2539 846 2603; x_wconf 89' lang='lat' dir='ltr'>sint,</span> <span class='ocrx_word' id='word_1_286' title='bbox 881 2534 1117 2606; x_wconf 83' lang='lat' dir='ltr'>adeoque</span> <span class='ocrx_word' id='word_1_287' title='bbox 1153 2553 1263 2590; x_wconf 91' lang='lat' dir='ltr'>non</span> <span class='ocrx_word' id='word_1_288' title='bbox 1301 2549 1416 2602; x_wconf 84' lang='lat' dir='ltr'>Jure</span> <span class='ocrx_word' id='word_1_289' title='bbox 1450 2537 1676 2606; x_wconf 88' lang='lat' dir='ltr'>quodam</span> <span class='ocrx_word' id='word_1_290' title='bbox 1712 2537 2043 2594; x_wconf 86' lang='lat' dir='ltr'>accrescendi</span> <span class='ocrx_word' id='word_1_291' title='bbox 2061 2549 2157 2592; x_wconf 87' lang='lat' dir='ltr'>aut</span> 
     </span>
     <span class='ocr_line' id='line_1_36' title="bbox 534 2602 2156 2676; baseline 0 -16"><span class='ocrx_word' id='word_1_292' title='bbox 534 2604 916 2674; x_wconf 77' lang='lat' dir='ltr'>successionis,</span> <span class='ocrx_word' id='word_1_293' title='bbox 950 2606 1040 2661; x_wconf 87' lang='lat' dir='ltr'>sed</span> <span class='ocrx_word' id='word_1_294' title='bbox 1076 2602 1220 2661; x_wconf 83' lang='lat' dir='ltr'>velut</span> <span class='ocrx_word' id='word_1_295' title='bbox 1254 2604 1608 2662; x_wconf 83' lang='lat' dir='ltr'>adventitium</span> <span class='ocrx_word' id='word_1_296' title='bbox 1643 2604 1862 2676; x_wconf 86' lang='lat' dir='ltr'>aliquod</span> <span class='ocrx_word' id='word_1_297' title='bbox 1915 2605 2156 2676; x_wconf 88' lang='lat' dir='ltr'>lucrum,</span> 
     </span>
     <span class='ocr_line' id='line_1_37' title="bbox 535 2671 2154 2748; baseline 0.001 -16"><span class='ocrx_word' id='word_1_298' title='bbox 535 2680 616 2733; x_wconf 89' lang='lat' dir='ltr'>uti</span> <span class='ocrx_word' id='word_1_299' title='bbox 654 2686 771 2743; x_wconf 78' lang='lat' dir='ltr'>post</span> <span class='ocrx_word' id='word_1_300' title='bbox 807 2671 940 2730; x_wconf 87' lang='lat' dir='ltr'>alios</span> <span class='ocrx_word' id='word_1_301' title='bbox 976 2677 1088 2744; x_wconf 85' lang='lat' dir='ltr'>ipse</span> <span class='ocrx_word' id='word_1_302' title='bbox 1119 2676 1197 2729; x_wconf 88' lang='lat' dir='ltr'>ait</span> <span class='ocrx_word' id='word_1_303' title='bbox 1236 2674 1430 2734; x_wconf 86' lang='lat' dir='ltr'>Wesel</span> <span class='ocrx_word' id='word_1_304' title='bbox 1465 2675 1516 2731; x_wconf 83' lang='lat' dir='ltr'>d.</span> <span class='ocrx_word' id='word_1_305' title='bbox 1557 2693 1658 2731; x_wconf 75' lang='lat' dir='ltr'>art.</span> <span class='ocrx_word' id='word_1_306' title='bbox 1704 2694 1782 2733; x_wconf 88' lang='grc' dir='ltr'>ιο.</span> <span class='ocrx_word' id='word_1_307' title='bbox 1820 2699 1874 2732; x_wconf 82' lang='lat' dir='ltr'>n.</span> <span class='ocrx_word' id='word_1_308' title='bbox 1912 2690 1995 2748; x_wconf 87' lang='lat'>72.</span> <span class='ocrx_word' id='word_1_309' title='bbox 2032 2695 2154 2744; x_wconf 88' lang='lat' dir='ltr'>sup-</span> 
     </span>
     <span class='ocr_line' id='line_1_38' title="bbox 538 2743 2156 2818; baseline 0.002 -17"><span class='ocrx_word' id='word_1_310' title='bbox 538 2746 861 2814; x_wconf 86' lang='lat' dir='ltr'>plementum</span> <span class='ocrx_word' id='word_1_311' title='bbox 897 2761 1023 2801; x_wconf 83' lang='lat' dir='ltr'>vero</span> <span class='ocrx_word' id='word_1_312' title='bbox 1058 2743 1303 2817; x_wconf 74' lang='lat' dir='ltr'>legitima:</span> <span class='ocrx_word' id='word_1_313' title='bbox 1339 2745 1563 2818; x_wconf 82' lang='lat' dir='ltr'>singulis</span> <span class='ocrx_word' id='word_1_314' title='bbox 1580 2744 1770 2805; x_wconf 86' lang='lat' dir='ltr'>debere</span> <span class='ocrx_word' id='word_1_315' title='bbox 1791 2746 2047 2811; x_wconf 79' lang='lat' dir='ltr'>decedere</span> <span class='ocrx_word' id='word_1_316' title='bbox 2067 2744 2156 2804; x_wconf 88' lang='lat' dir='ltr'>he·-</span> 
     </span>
     <span class='ocr_line' id='line_1_39' title="bbox 531 2812 2156 2883; baseline 0.001 -13"><span class='ocrx_word' id='word_1_317' title='bbox 531 2812 747 2872; x_wconf 86' lang='lat' dir='ltr'>redibus</span> <span class='ocrx_word' id='word_1_318' title='bbox 784 2830 882 2882; x_wconf 82' lang='lat' dir='ltr'>pro</span> <span class='ocrx_word' id='word_1_319' title='bbox 917 2829 1034 2873; x_wconf 86' lang='lat' dir='ltr'>rata</span> <span class='ocrx_word' id='word_1_320' title='bbox 1071 2828 1222 2882; x_wconf 90' lang='lat' dir='ltr'>parte</span> <span class='ocrx_word' id='word_1_321' title='bbox 1257 2832 1356 2883; x_wconf 86' lang='lat' dir='ltr'>qua</span> <span class='ocrx_word' id='word_1_322' title='bbox 1395 2813 1613 2877; x_wconf 87' lang='lat' dir='ltr'>heredes</span> <span class='ocrx_word' id='word_1_323' title='bbox 1646 2828 1790 2882; x_wconf 80' lang='lat' dir='ltr'>sunt,</span> <span class='ocrx_word' id='word_1_324' title='bbox 1827 2835 1925 2883; x_wconf 80' lang='lat' dir='ltr'>nec</span> <span class='ocrx_word' id='word_1_325' title='bbox 1945 2827 2156 2873; x_wconf 89' lang='lat' dir='ltr'>tantum</span> 
     </span>
     <span class='ocr_line' id='line_1_40' title="bbox 530 2881 2154 2955; baseline 0.002 -17"><span class='ocrx_word' id='word_1_326' title='bbox 530 2883 713 2943; x_wconf 84' lang='lat' dir='ltr'>liberis</span> <span class='ocrx_word' id='word_1_327' title='bbox 746 2882 938 2950; x_wconf 84' lang='lat' dir='ltr'>prioris</span> <span class='ocrx_word' id='word_1_328' title='bbox 972 2881 1137 2954; x_wconf 86' lang='lat' dir='ltr'>thori,</span> <span class='ocrx_word' id='word_1_329' title='bbox 1169 2885 1261 2940; x_wconf 88' lang='lat' dir='ltr'>sed</span> <span class='ocrx_word' id='word_1_330' title='bbox 1294 2889 1349 2944; x_wconf 66' lang='grc' dir='ltr'>ὃ(</span> <span class='ocrx_word' id='word_1_331' title='bbox 1370 2885 1623 2952; x_wconf 74' lang='lat' dir='ltr'>postremi</span> <span class='ocrx_word' id='word_1_332' title='bbox 1659 2885 2011 2955; x_wconf 87' lang='lat' dir='ltr'>matrimonii,</span> <span class='ocrx_word' id='word_1_333' title='bbox 2027 2902 2154 2953; x_wconf 70' lang='lat' dir='ltr'>qua-</span> 
     </span>
     <span class='ocr_line' id='line_1_41' title="bbox 529 2949 2154 3024; baseline 0.002 -14"><span class='ocrx_word' id='word_1_334' title='bbox 529 2969 686 3010; x_wconf 87' lang='lat' dir='ltr'>tenus</span> <span class='ocrx_word' id='word_1_335' title='bbox 724 2951 804 3007; x_wconf 87' lang='lat' dir='ltr'>illi</span> <span class='ocrx_word' id='word_1_336' title='bbox 842 2949 1056 3013; x_wconf 82' lang='lat' dir='ltr'>heredes</span> <span class='ocrx_word' id='word_1_337' title='bbox 1088 2967 1234 3022; x_wconf 86' lang='lat' dir='ltr'>sunt,</span> <span class='ocrx_word' id='word_1_338' title='bbox 1266 2956 1396 3024; x_wconf 89' lang='lat' dir='ltr'>quin</span> <span class='ocrx_word' id='word_1_339' title='bbox 1431 2959 1596 3012; x_wconf 86' lang='lat' dir='ltr'>etiam</span> <span class='ocrx_word' id='word_1_340' title='bbox 1627 2969 1903 3024; x_wconf 80' lang='lat' dir='ltr'>extranee,</span> <span class='ocrx_word' id='word_1_341' title='bbox 1937 2956 1984 3010; x_wconf 90' lang='lat' dir='ltr'>si</span> <span class='ocrx_word' id='word_1_342' title='bbox 2020 2952 2154 3015; x_wconf 84' lang='lat' dir='ltr'>libe-</span> 
     </span>
     <span class='ocr_line' id='line_1_42' title="bbox 530 3018 2153 3097; baseline 0.002 -24"><span class='ocrx_word' id='word_1_343' title='bbox 530 3025 608 3081; x_wconf 67' lang='lat' dir='ltr'>ris</span> <span class='ocrx_word' id='word_1_344' title='bbox 645 3022 913 3086; x_wconf 70' lang='lat' dir='ltr'>institutis</span> <span class='ocrx_word' id='word_1_345' title='bbox 946 3037 1231 3083; x_wconf 81' lang='lat' dir='ltr'>extraneus</span> <span class='ocrx_word' id='word_1_346' title='bbox 1267 3021 1415 3087; x_wconf 79' lang='lat' dir='ltr'>heres</span> <span class='ocrx_word' id='word_1_347' title='bbox 1451 3022 1740 3093; x_wconf 74' lang='lat' dir='ltr'>permixtus</span> <span class='ocrx_word' id='word_1_348' title='bbox 1773 3030 1840 3079; x_wconf 89' lang='lat' dir='ltr'>sit</span> <span class='ocrx_word' id='word_1_349' title='bbox 1868 3042 1888 3091; x_wconf 78' lang='lat'>3</span> <span class='ocrx_word' id='word_1_350' title='bbox 1916 3018 2045 3081; x_wconf 88' lang='lat' dir='ltr'>dum</span> <span class='ocrx_word' id='word_1_351' title='bbox 2062 3043 2153 3097; x_wconf 62' lang='lat' dir='ltr'>gg-</span> 
     </span>
     <span class='ocr_line' id='line_1_43' title="bbox 531 3088 2147 3168; baseline 0.002 -21"><span class='ocrx_word' id='word_1_352' title='bbox 531 3091 789 3147; x_wconf 81' lang='lat' dir='ltr'>neraliter</span> <span class='ocrx_word' id='word_1_353' title='bbox 824 3088 1092 3148; x_wconf 69' lang='lat' dir='ltr'>heredibus</span> <span class='ocrx_word' id='word_1_354' title='bbox 1129 3092 1231 3149; x_wconf 88' lang='lat' dir='ltr'>hoc</span> <span class='ocrx_word' id='word_1_355' title='bbox 1266 3091 1541 3163; x_wconf 83' lang='lat' dir='ltr'>supplendi</span> <span class='ocrx_word' id='word_1_356' title='bbox 1577 3114 1715 3159; x_wconf 85' lang='lat' dir='ltr'>onus</span> <span class='ocrx_word' id='word_1_357' title='bbox 1747 3112 1780 3148; x_wconf 89' lang='lat' dir='ltr'>a</span> <span class='ocrx_word' id='word_1_358' title='bbox 1813 3092 2147 3168; x_wconf 77' lang='lat' dir='ltr'>iustiniano,</span> 
     </span>
    </p>

    <p class='ocr_par' dir='ltr' id='par_1_6' title="bbox 493 3161 2151 3649">
     <span class='ocr_line' id='line_1_44' title="bbox 493 3161 2150 3235; baseline 0.002 -17"><span class='ocrx_word' id='word_1_359' title='bbox 493 3226 499 3233; x_wconf 39' lang='grc'>,</span> <span class='ocrx_word' id='word_1_360' title='bbox 529 3162 912 3219; x_wconf 83' lang='lat' dir='ltr'>convenienter</span> <span class='ocrx_word' id='word_1_361' title='bbox 945 3161 1298 3225; x_wconf 71' lang='lat' dir='ltr'>anterioribus</span> <span class='ocrx_word' id='word_1_362' title='bbox 1331 3163 1557 3235; x_wconf 84' lang='lat' dir='ltr'>legibus,</span> <span class='ocrx_word' id='word_1_363' title='bbox 1592 3164 1896 3234; x_wconf 86' lang='lat' dir='ltr'>impositum</span> <span class='ocrx_word' id='word_1_364' title='bbox 1915 3175 2015 3232; x_wconf 90' lang='lat' dir='ltr'>est,</span> <span class='ocrx_word' id='word_1_365' title='bbox 2034 3184 2150 3222; x_wconf 81' lang='lat' dir='ltr'>nov.</span> 
     </span>
     <span class='ocr_line' id='line_1_45' title="bbox 535 3226 2150 3303; baseline 0.002 -17"><span class='ocrx_word' id='word_1_366' title='bbox 535 3230 659 3286; x_wconf 79' lang='lat'>115.</span> <span class='ocrx_word' id='word_1_367' title='bbox 693 3245 803 3299; x_wconf 82' lang='lat' dir='ltr'>cap.</span> <span class='ocrx_word' id='word_1_368' title='bbox 841 3228 942 3286; x_wconf 81' lang='lat' dir='ltr'>baec</span> <span class='ocrx_word' id='word_1_369' title='bbox 977 3248 1162 3287; x_wconf 80' lang='lat' dir='ltr'>autem</span> <span class='ocrx_word' id='word_1_370' title='bbox 1197 3232 1249 3288; x_wconf 88' lang='grc'>5.</span> <span class='ocrx_word' id='word_1_371' title='bbox 1285 3235 1341 3287; x_wconf 80' lang='lat' dir='ltr'>e&#39;n</span> <span class='ocrx_word' id='word_1_372' title='bbox 1405 3254 1446 3285; x_wconf 82' lang='lat' dir='ltr'>r.</span> <span class='ocrx_word' id='word_1_373' title='bbox 1482 3226 1639 3303; x_wconf 71' lang='lat' dir='ltr'>(adde</span> <span class='ocrx_word' id='word_1_374' title='bbox 1675 3236 1758 3293; x_wconf 74' lang='lat' dir='ltr'>rit,</span> <span class='ocrx_word' id='word_1_375' title='bbox 1795 3232 1858 3287; x_wconf 84' lang='lat' dir='ltr'>de</span> <span class='ocrx_word' id='word_1_376' title='bbox 1894 3228 2043 3301; x_wconf 71' lang='lat' dir='ltr'>inoffi</span> <span class='ocrx_word' id='word_1_377' title='bbox 2074 3251 2150 3289; x_wconf 80' lang='lat' dir='ltr'>te·</span> 
     </span>
     <span class='ocr_line' id='line_1_46' title="bbox 529 3249 2151 3386; baseline 0.002 -30"><span class='ocrx_word' id='word_1_378' title='bbox 529 3317 693 3357; x_wconf 79' lang='lat' dir='ltr'>stam.</span> <span class='ocrx_word' id='word_1_379' title='bbox 728 3321 781 3356; x_wconf 85' lang='lat' dir='ltr'>n.</span> <span class='ocrx_word' id='word_1_380' title='bbox 819 3297 929 3370; x_wconf 88' lang='lat'><strong>70.)</strong></span> <span class='ocrx_word' id='word_1_381' title='bbox 962 3297 1152 3358; x_wconf 73' lang='lat' dir='ltr'>refflus</span> <span class='ocrx_word' id='word_1_382' title='bbox 1191 3298 1329 3363; x_wconf 82' lang='lat' dir='ltr'>sorte</span> <span class='ocrx_word' id='word_1_383' title='bbox 1365 3249 1564 3386; x_wconf 55' lang='lat' dir='ltr'>fuerit,</span> <span class='ocrx_word' id='word_1_384' title='bbox 1599 3321 1666 3359; x_wconf 91' lang='lat' dir='ltr'>ne</span> <span class='ocrx_word' id='word_1_385' title='bbox 1699 3303 1767 3360; x_wconf 86' lang='lat' dir='ltr'>ad</span> <span class='ocrx_word' id='word_1_386' title='bbox 1813 3302 2151 3371; x_wconf 71' lang='lat' dir='ltr'>supplemen-</span> 
     </span>
     <span class='ocr_line' id='line_1_47' title="bbox 535 3369 2149 3443; baseline 0.002 -15"><span class='ocrx_word' id='word_1_387' title='bbox 535 3387 655 3428; x_wconf 88' lang='lat' dir='ltr'>tum</span> <span class='ocrx_word' id='word_1_388' title='bbox 689 3369 904 3437; x_wconf 87' lang='lat' dir='ltr'>quidem</span> <span class='ocrx_word' id='word_1_389' title='bbox 941 3370 1187 3443; x_wconf 74' lang='lat' dir='ltr'>legitima</span> <span class='ocrx_word' id='word_1_390' title='bbox 1224 3375 1379 3429; x_wconf 88' lang='lat' dir='ltr'>unius</span> <span class='ocrx_word' id='word_1_391' title='bbox 1416 3388 1482 3431; x_wconf 79' lang='lat' dir='ltr'>ex</span> <span class='ocrx_word' id='word_1_392' title='bbox 1521 3371 1705 3429; x_wconf 71' lang='lat' dir='ltr'>liberis</span> <span class='ocrx_word' id='word_1_393' title='bbox 1738 3372 2022 3443; x_wconf 77' lang='lat' dir='ltr'>quicquam</span> <span class='ocrx_word' id='word_1_394' title='bbox 2054 3374 2149 3431; x_wconf 83' lang='lat' dir='ltr'>de-</span> 
     </span>
     <span class='ocr_line' id='line_1_48' title="bbox 527 3438 2144 3515; baseline 0.001 -18"><span class='ocrx_word' id='word_1_395' title='bbox 527 3442 650 3497; x_wconf 79' lang='lat' dir='ltr'>duci</span> <span class='ocrx_word' id='word_1_396' title='bbox 684 3457 753 3496; x_wconf 80' lang='lat' dir='ltr'>ex</span> <span class='ocrx_word' id='word_1_397' title='bbox 787 3458 875 3510; x_wconf 88' lang='lat' dir='ltr'>eo,</span> <span class='ocrx_word' id='word_1_398' title='bbox 909 3441 1050 3509; x_wconf 88' lang='lat' dir='ltr'>quod</span> <span class='ocrx_word' id='word_1_399' title='bbox 1085 3457 1241 3508; x_wconf 85' lang='lat' dir='ltr'>supra</span> <span class='ocrx_word' id='word_1_400' title='bbox 1278 3438 1498 3496; x_wconf 76' lang='lat' dir='ltr'>modum</span> <span class='ocrx_word' id='word_1_401' title='bbox 1529 3443 1746 3515; x_wconf 75' lang='lat' dir='ltr'>conjugi</span> <span class='ocrx_word' id='word_1_402' title='bbox 1779 3442 2016 3499; x_wconf 85' lang='lat' dir='ltr'>secundo</span> <span class='ocrx_word' id='word_1_403' title='bbox 2050 3442 2144 3498; x_wconf 85' lang='lat' dir='ltr'>da·</span> 
     </span>
     <span class='ocr_line' id='line_1_49' title="bbox 523 3508 2149 3579; baseline 0.004 -16"><span class='ocrx_word' id='word_1_404' title='bbox 523 3527 646 3566; x_wconf 75' lang='lat' dir='ltr'>rum</span> <span class='ocrx_word' id='word_1_405' title='bbox 681 3522 796 3575; x_wconf 78' lang='lat' dir='ltr'>est3</span> <span class='ocrx_word' id='word_1_406' title='bbox 829 3509 920 3566; x_wconf 89' lang='lat' dir='ltr'>sed</span> <span class='ocrx_word' id='word_1_407' title='bbox 959 3510 1010 3566; x_wconf 92' lang='lat' dir='ltr'>id</span> <span class='ocrx_word' id='word_1_408' title='bbox 1045 3523 1218 3565; x_wconf 88' lang='lat' dir='ltr'>totum</span> <span class='ocrx_word' id='word_1_409' title='bbox 1242 3517 1383 3566; x_wconf 90' lang='lat' dir='ltr'>inter</span> <span class='ocrx_word' id='word_1_410' title='bbox 1417 3508 1556 3566; x_wconf 86' lang='lat' dir='ltr'>solos</span> <span class='ocrx_word' id='word_1_411' title='bbox 1593 3514 1746 3579; x_wconf 85' lang='lat' dir='ltr'>primi</span> <span class='ocrx_word' id='word_1_412' title='bbox 1773 3510 1918 3567; x_wconf 85' lang='lat' dir='ltr'>thori</span> <span class='ocrx_word' id='word_1_413' title='bbox 1955 3508 2149 3573; x_wconf 79' lang='lat' dir='ltr'>liberos</span> 
     </span>
     <span class='ocr_line' id='line_1_50' title="bbox 523 3577 1856 3649; baseline 0.001 -14"><span class='ocrx_word' id='word_1_414' title='bbox 523 3580 800 3648; x_wconf 70' lang='lat' dir='ltr'>,equaliter</span> <span class='ocrx_word' id='word_1_415' title='bbox 834 3577 1103 3649; x_wconf 84' lang='lat' dir='ltr'>distribui,</span> <span class='ocrx_word' id='word_1_416' title='bbox 1140 3578 1288 3634; x_wconf 85' lang='lat' dir='ltr'>nulla</span> <span class='ocrx_word' id='word_1_417' title='bbox 1329 3593 1479 3648; x_wconf 82' lang='lat' dir='ltr'>parte</span> <span class='ocrx_word' id='word_1_418' title='bbox 1510 3581 1856 3637; x_wconf 86' lang='lat' dir='ltr'>diminutum.</span> 
     </span>
    </p>

    <p class='ocr_par' dir='ltr' id='par_1_7' title="bbox 518 3647 2146 4190">
     <span class='ocr_line' id='line_1_51' title="bbox 604 3647 2146 3719; baseline 0.002 -16"><span class='ocrx_word' id='word_1_419' title='bbox 604 3664 724 3709; x_wconf 75' lang='lat'>112.</span> <span class='ocrx_word' id='word_1_420' title='bbox 760 3647 948 3718; x_wconf 57' lang='lat' dir='ltr'>Neque</span> <span class='ocrx_word' id='word_1_421' title='bbox 982 3650 1227 3716; x_wconf 85' lang='lat' dir='ltr'>privandi</span> <span class='ocrx_word' id='word_1_422' title='bbox 1261 3662 1421 3706; x_wconf 87' lang='lat' dir='ltr'>erunt</span> <span class='ocrx_word' id='word_1_423' title='bbox 1459 3647 1560 3707; x_wconf 88' lang='lat' dir='ltr'>hoc</span> <span class='ocrx_word' id='word_1_424' title='bbox 1580 3648 1728 3707; x_wconf 85' lang='lat' dir='ltr'>lucro</span> <span class='ocrx_word' id='word_1_425' title='bbox 1765 3649 1916 3705; x_wconf 85' lang='lat' dir='ltr'>liberi</span> <span class='ocrx_word' id='word_1_426' title='bbox 1953 3650 2146 3719; x_wconf 89' lang='lat' dir='ltr'>prioris</span> 
     </span>
     <span class='ocr_line' id='line_1_52' title="bbox 525 3715 2143 3788; baseline 0.002 -14"><span class='ocrx_word' id='word_1_427' title='bbox 525 3715 672 3774; x_wconf 82' lang='lat' dir='ltr'>thori</span> <span class='ocrx_word' id='word_1_428' title='bbox 708 3734 775 3775; x_wconf 85' lang='lat' dir='ltr'>ex</span> <span class='ocrx_word' id='word_1_429' title='bbox 807 3736 894 3785; x_wconf 86' lang='lat' dir='ltr'>e0,</span> <span class='ocrx_word' id='word_1_430' title='bbox 929 3720 1072 3788; x_wconf 87' lang='lat' dir='ltr'>quod</span> <span class='ocrx_word' id='word_1_431' title='bbox 1107 3719 1347 3788; x_wconf 84' lang='lat' dir='ltr'>parentis</span> <span class='ocrx_word' id='word_1_432' title='bbox 1384 3718 1574 3781; x_wconf 85' lang='lat' dir='ltr'>binubi</span> <span class='ocrx_word' id='word_1_433' title='bbox 1613 3719 1962 3785; x_wconf 76' lang='lat' dir='ltr'>hereditatem</span> <span class='ocrx_word' id='word_1_434' title='bbox 1998 3721 2143 3778; x_wconf 85' lang='lat' dir='ltr'>adie-</span> 
     </span>
     <span class='ocr_line' id='line_1_53' title="bbox 522 3786 2142 3864; baseline 0.005 -25"><span class='ocrx_word' id='word_1_435' title='bbox 522 3789 632 3845; x_wconf 80' lang='lat' dir='ltr'>rint</span> <span class='ocrx_word' id='word_1_436' title='bbox 665 3804 735 3844; x_wconf 80' lang='lat' dir='ltr'>ex</span> <span class='ocrx_word' id='word_1_437' title='bbox 770 3800 1138 3864; x_wconf 53' lang='lat' dir='ltr'>testament02</span> <span class='ocrx_word' id='word_1_438' title='bbox 1170 3804 1292 3844; x_wconf 84' lang='lat' dir='ltr'>cum</span> <span class='ocrx_word' id='word_1_439' title='bbox 1326 3786 1427 3844; x_wconf 90' lang='lat' dir='ltr'>hoc</span> <span class='ocrx_word' id='word_1_440' title='bbox 1465 3788 1676 3846; x_wconf 87' lang='lat' dir='ltr'>lucrum</span> <span class='ocrx_word' id='word_1_441' title='bbox 1707 3808 1772 3849; x_wconf 80' lang='lat' dir='ltr'>ex</span> <span class='ocrx_word' id='word_1_442' title='bbox 1810 3786 1939 3860; x_wconf 86' lang='lat' dir='ltr'>legis</span> <span class='ocrx_word' id='word_1_443' title='bbox 1975 3788 2142 3847; x_wconf 79' lang='lat' dir='ltr'>bene-</span> 
     </span>
     <span class='ocr_line' id='line_1_54' title="bbox 521 3855 2140 3930; baseline 0.004 -20"><span class='ocrx_word' id='word_1_444' title='bbox 521 3856 646 3914; x_wconf 86' lang='lat' dir='ltr'>ficio</span> <span class='ocrx_word' id='word_1_445' title='bbox 682 3858 738 3910; x_wconf 90' lang='lat' dir='ltr'>in</span> <span class='ocrx_word' id='word_1_446' title='bbox 772 3855 1024 3913; x_wconf 88' lang='lat' dir='ltr'>solatium</span> <span class='ocrx_word' id='word_1_447' title='bbox 1060 3858 1265 3923; x_wconf 81' lang='lat' dir='ltr'>inJuriae</span> <span class='ocrx_word' id='word_1_448' title='bbox 1302 3875 1364 3914; x_wconf 79' lang='lat' dir='ltr'>ac</span> <span class='ocrx_word' id='word_1_449' title='bbox 1401 3858 1625 3921; x_wconf 64' lang='lat' dir='ltr'>laesionis</span> <span class='ocrx_word' id='word_1_450' title='bbox 1645 3877 1735 3930; x_wconf 89' lang='lat' dir='ltr'>per</span> <span class='ocrx_word' id='word_1_451' title='bbox 1770 3864 2019 3928; x_wconf 79' lang='lat' dir='ltr'>repetitas</span> <span class='ocrx_word' id='word_1_452' title='bbox 2041 3878 2140 3916; x_wconf 89' lang='lat' dir='ltr'>nu·</span> 
     </span>
     <span class='ocr_line' id='line_1_55' title="bbox 519 3922 2140 3998; baseline 0.001 -17"><span class='ocrx_word' id='word_1_453' title='bbox 519 3929 660 3998; x_wconf 87' lang='lat' dir='ltr'>ptias</span> <span class='ocrx_word' id='word_1_454' title='bbox 697 3924 856 3981; x_wconf 68' lang='lat' dir='ltr'>illata</span> <span class='ocrx_word' id='word_1_455' title='bbox 892 3922 1076 3982; x_wconf 85' lang='lat' dir='ltr'>liberis</span> <span class='ocrx_word' id='word_1_456' title='bbox 1112 3928 1301 3996; x_wconf 88' lang='lat' dir='ltr'>prioris</span> <span class='ocrx_word' id='word_1_457' title='bbox 1335 3925 1480 3983; x_wconf 87' lang='lat' dir='ltr'>thori</span> <span class='ocrx_word' id='word_1_458' title='bbox 1501 3929 1774 3986; x_wconf 78' lang='lat' dir='ltr'>addictum</span> <span class='ocrx_word' id='word_1_459' title='bbox 1810 3936 1900 3997; x_wconf 84' lang='lat' dir='ltr'>sit,</span> <span class='ocrx_word' id='word_1_460' title='bbox 1935 3946 1998 3983; x_wconf 87' lang='lat' dir='ltr'>ac</span> <span class='ocrx_word' id='word_1_461' title='bbox 2020 3938 2140 3995; x_wconf 77' lang='grc' dir='ltr'><strong>ρισ-</strong></span> 
     </span>
     <span class='ocr_line' id='line_1_56' title="bbox 519 3996 2139 4067; baseline 0.002 -18"><span class='ocrx_word' id='word_1_462' title='bbox 519 3997 651 4055; x_wconf 87' lang='lat' dir='ltr'>inde</span> <span class='ocrx_word' id='word_1_463' title='bbox 683 4013 794 4052; x_wconf 90' lang='lat' dir='ltr'>non</span> <span class='ocrx_word' id='word_1_464' title='bbox 832 4000 1008 4052; x_wconf 88' lang='lat' dir='ltr'>minus</span> <span class='ocrx_word' id='word_1_465' title='bbox 1043 3997 1241 4067; x_wconf 84' lang='lat' dir='ltr'>percipi</span> <span class='ocrx_word' id='word_1_466' title='bbox 1277 3996 1486 4067; x_wconf 82' lang='lat' dir='ltr'>debeat,</span> <span class='ocrx_word' id='word_1_467' title='bbox 1525 4017 1633 4055; x_wconf 85' lang='lat' dir='ltr'>non</span> <span class='ocrx_word' id='word_1_468' title='bbox 1653 3997 1905 4057; x_wconf 81' lang='lat' dir='ltr'>obstante</span> <span class='ocrx_word' id='word_1_469' title='bbox 1940 3998 2139 4054; x_wconf 86' lang='lat' dir='ltr'>aditio-</span> 
     </span>
     <span class='ocr_line' id='line_1_57' title="bbox 518 4086 609 4136; baseline 0 -14"><span class='ocrx_word' id='word_1_470' title='bbox 518 4086 609 4136; x_wconf 82' lang='lat' dir='ltr'>ne,</span> 
     </span>
     <span class='ocr_line' id='line_1_58' title="bbox 518 4153 603 4190; baseline 0 -1"><span class='ocrx_word' id='word_1_471' title='bbox 518 4153 603 4190; x_wconf 88' lang='lat' dir='ltr'>tra</span> 
     </span>
    </p>
   </div>
   <div class='ocr_carea' id='block_1_5' title="bbox 2199 369 3831 2051">
    <p class='ocr_par' dir='ltr' id='par_1_8' title="bbox 2199 369 3831 2051">
     <span class='ocr_line' id='line_1_59' title="bbox 2206 369 3830 502; baseline 0.003 -69"><span class='ocrx_word' id='word_1_472' title='bbox 2206 381 2263 436; x_wconf 89' lang='lat' dir='ltr'>in</span> <span class='ocrx_word' id='word_1_473' title='bbox 2303 382 2338 436; x_wconf 90' lang='lat' dir='ltr'>l.</span> <span class='ocrx_word' id='word_1_474' title='bbox 2374 379 2513 452; x_wconf 78' lang='lat' dir='ltr'>quod</span> <span class='ocrx_word' id='word_1_475' title='bbox 2541 377 2685 436; x_wconf 75' lang='lat' dir='ltr'>bonis</span> <span class='ocrx_word' id='word_1_476' title='bbox 2730 396 2749 448; x_wconf 88' lang='grc' dir='ltr'>ι</span> <span class='ocrx_word' id='word_1_477' title='bbox 2797 417 2811 433; x_wconf 93' lang='grc'>.</span> <span class='ocrx_word' id='word_1_478' title='bbox 2845 369 3096 502; x_wconf 44' lang='lat' dir='ltr'>{frater</span> <span class='ocrx_word' id='word_1_479' title='bbox 3139 399 3185 436; x_wconf 88' lang='grc' dir='ltr'>ι.</span> <span class='ocrx_word' id='word_1_480' title='bbox 3219 379 3286 442; x_wconf 60' lang='grc' dir='ltr'>(τι</span> <span class='ocrx_word' id='word_1_481' title='bbox 3320 379 3356 435; x_wconf 86' lang='grc' dir='ltr'>Ι.</span> <span class='ocrx_word' id='word_1_482' title='bbox 3394 382 3550 453; x_wconf 79' lang='lat' dir='ltr'>Sejur</span> <span class='ocrx_word' id='word_1_483' title='bbox 3586 382 3656 443; x_wconf 61' lang='grc' dir='ltr'>Θ</span> <span class='ocrx_word' id='word_1_484' title='bbox 3694 386 3830 456; x_wconf 68' lang='lat' dir='ltr'>Age-</span> 
     </span>
     <span class='ocr_line' id='line_1_60' title="bbox 2205 443 3829 521; baseline 0.002 -15"><span class='ocrx_word' id='word_1_485' title='bbox 2205 452 2315 510; x_wconf 73' lang='lat' dir='ltr'>nim</span> <span class='ocrx_word' id='word_1_486' title='bbox 2373 465 2454 520; x_wconf 84' lang='lat'>27.</span> <span class='ocrx_word' id='word_1_487' title='bbox 2498 443 2572 518; x_wconf 76' lang='lat' dir='ltr'><em>ffl</em></span> <span class='ocrx_word' id='word_1_488' title='bbox 2610 445 2690 504; x_wconf 78' lang='lat' dir='ltr'>ad</span> <span class='ocrx_word' id='word_1_489' title='bbox 2719 447 2811 520; x_wconf 72' lang='lat' dir='ltr'>leg.</span> <span class='ocrx_word' id='word_1_490' title='bbox 2893 446 3050 504; x_wconf 81' lang='lat' dir='ltr'>alcid.</span> <span class='ocrx_word' id='word_1_491' title='bbox 3105 460 3285 508; x_wconf 77' lang='lat' dir='ltr'>tamen</span> <span class='ocrx_word' id='word_1_492' title='bbox 3323 470 3492 521; x_wconf 78' lang='lat' dir='ltr'>neque</span> <span class='ocrx_word' id='word_1_493' title='bbox 3535 449 3829 520; x_wconf 85' lang='lat' dir='ltr'>prohibitio</span> 
     </span>
     <span class='ocr_line' id='line_1_61' title="bbox 2209 516 3829 590; baseline 0 -15"><span class='ocrx_word' id='word_1_494' title='bbox 2209 521 2447 587; x_wconf 83' lang='lat' dir='ltr'>parentis</span> <span class='ocrx_word' id='word_1_495' title='bbox 2480 516 2670 576; x_wconf 86' lang='lat' dir='ltr'>binubi</span> <span class='ocrx_word' id='word_1_496' title='bbox 2728 535 2896 588; x_wconf 86' lang='lat' dir='ltr'>neque</span> <span class='ocrx_word' id='word_1_497' title='bbox 2930 521 3095 576; x_wconf 82' lang='lat' dir='ltr'>enixa</span> <span class='ocrx_word' id='word_1_498' title='bbox 3131 521 3323 589; x_wconf 84' lang='lat' dir='ltr'>petitio</span> <span class='ocrx_word' id='word_1_499' title='bbox 3354 521 3468 588; x_wconf 78' lang='lat' dir='ltr'>ejus</span> <span class='ocrx_word' id='word_1_500' title='bbox 3487 561 3504 590; x_wconf 97' lang='lat'>,</span> <span class='ocrx_word' id='word_1_501' title='bbox 3542 539 3643 576; x_wconf 86' lang='lat' dir='ltr'>nec</span> <span class='ocrx_word' id='word_1_502' title='bbox 3677 523 3829 578; x_wconf 81' lang='lat' dir='ltr'>deni-</span> 
     </span>
     <span class='ocr_line' id='line_1_62' title="bbox 2204 557 3826 660; baseline 0.001 -15"><span class='ocrx_word' id='word_1_503' title='bbox 2204 609 2307 659; x_wconf 85' lang='lat' dir='ltr'>que</span> <span class='ocrx_word' id='word_1_504' title='bbox 2341 605 2587 655; x_wconf 78' lang='lat' dir='ltr'>expressa</span> <span class='ocrx_word' id='word_1_505' title='bbox 2624 586 2663 641; x_wconf 88' lang='lat' dir='ltr'>li</span> <span class='ocrx_word' id='word_1_506' title='bbox 2674 557 2926 644; x_wconf 82' lang='lat' dir='ltr'>l&gt;erorum</span> <span class='ocrx_word' id='word_1_507' title='bbox 2960 589 3116 654; x_wconf 88' lang='lat' dir='ltr'>primi</span> <span class='ocrx_word' id='word_1_508' title='bbox 3171 587 3319 655; x_wconf 80' lang='lat' dir='ltr'>thori</span> <span class='ocrx_word' id='word_1_509' title='bbox 3356 587 3499 648; x_wconf 58' lang='lat' dir='ltr'>saeta</span> <span class='ocrx_word' id='word_1_510' title='bbox 3557 591 3688 645; x_wconf 82' lang='lat' dir='ltr'>vivo</span> <span class='ocrx_word' id='word_1_511' title='bbox 3738 610 3826 660; x_wconf 90' lang='lat' dir='ltr'>pa-</span> 
     </span>
     <span class='ocr_line' id='line_1_63' title="bbox 2207 656 3825 726; baseline 0.004 -15"><span class='ocrx_word' id='word_1_512' title='bbox 2207 664 2347 717; x_wconf 80' lang='lat' dir='ltr'>renti</span> <span class='ocrx_word' id='word_1_513' title='bbox 2380 656 2587 718; x_wconf 88' lang='lat' dir='ltr'>binubo</span> <span class='ocrx_word' id='word_1_514' title='bbox 2624 660 2932 726; x_wconf 84' lang='lat' dir='ltr'>promissio,</span> <span class='ocrx_word' id='word_1_515' title='bbox 2979 656 3045 712; x_wconf 90' lang='lat' dir='ltr'>de</span> <span class='ocrx_word' id='word_1_516' title='bbox 3081 673 3191 712; x_wconf 90' lang='lat' dir='ltr'>non</span> <span class='ocrx_word' id='word_1_517' title='bbox 3228 658 3522 716; x_wconf 88' lang='lat' dir='ltr'>minuendo</span> <span class='ocrx_word' id='word_1_518' title='bbox 3558 657 3644 716; x_wconf 86' lang='lat' dir='ltr'>vel</span> <span class='ocrx_word' id='word_1_519' title='bbox 3681 658 3825 718; x_wconf 83' lang='lat' dir='ltr'>aufe·</span> 
     </span>
     <span class='ocr_line' id='line_1_64' title="bbox 2207 725 3826 809; baseline 0.002 -27"><span class='ocrx_word' id='word_1_520' title='bbox 2207 728 2372 786; x_wconf 84' lang='lat' dir='ltr'>tendo</span> <span class='ocrx_word' id='word_1_521' title='bbox 2407 744 2493 794; x_wconf 82' lang='lat' dir='ltr'>e0,</span> <span class='ocrx_word' id='word_1_522' title='bbox 2530 727 2669 794; x_wconf 88' lang='lat' dir='ltr'>quod</span> <span class='ocrx_word' id='word_1_523' title='bbox 2705 742 2863 794; x_wconf 91' lang='lat' dir='ltr'>supra</span> <span class='ocrx_word' id='word_1_524' title='bbox 2899 726 3116 782; x_wconf 90' lang='lat' dir='ltr'>modum</span> <span class='ocrx_word' id='word_1_525' title='bbox 3151 728 3388 788; x_wconf 69' lang='lat' dir='ltr'>secunde</span> <span class='ocrx_word' id='word_1_526' title='bbox 3408 725 3627 809; x_wconf 78' lang='lat' dir='ltr'>coniugi</span> <span class='ocrx_word' id='word_1_527' title='bbox 3661 728 3826 785; x_wconf 76' lang='lat' dir='ltr'>dona-</span> 
     </span>
     <span class='ocr_line' id='line_1_65' title="bbox 2205 789 3825 867; baseline 0.002 -16"><span class='ocrx_word' id='word_1_528' title='bbox 2205 812 2324 856; x_wconf 85' lang='lat' dir='ltr'>tum</span> <span class='ocrx_word' id='word_1_529' title='bbox 2342 809 2437 856; x_wconf 85' lang='lat' dir='ltr'>aut</span> <span class='ocrx_word' id='word_1_530' title='bbox 2471 789 2714 856; x_wconf 60' lang='lat' dir='ltr'>reliStum</span> <span class='ocrx_word' id='word_1_531' title='bbox 2731 807 2831 864; x_wconf 83' lang='lat' dir='ltr'>est,</span> <span class='ocrx_word' id='word_1_532' title='bbox 2866 794 3118 861; x_wconf 80' lang='lat' dir='ltr'>impediet</span> <span class='ocrx_word' id='word_1_533' title='bbox 3136 794 3525 855; x_wconf 69' lang='lat' dir='ltr'>detraffionem</span> <span class='ocrx_word' id='word_1_534' title='bbox 3541 814 3673 867; x_wconf 70' lang='lat' dir='ltr'>ejus,</span> <span class='ocrx_word' id='word_1_535' title='bbox 3690 797 3825 865; x_wconf 86' lang='lat' dir='ltr'>quod</span> 
     </span>
     <span class='ocr_line' id='line_1_66' title="bbox 2206 863 3824 938; baseline -0.002 -16"><span class='ocrx_word' id='word_1_536' title='bbox 2206 880 2398 922; x_wconf 81' lang='lat' dir='ltr'>contra</span> <span class='ocrx_word' id='word_1_537' title='bbox 2434 863 2485 920; x_wconf 83' lang='lat' dir='ltr'>d.</span> <span class='ocrx_word' id='word_1_538' title='bbox 2523 865 2644 938; x_wconf 76' lang='lat' dir='ltr'>legis</span> <span class='ocrx_word' id='word_1_539' title='bbox 2681 863 2781 920; x_wconf 82' lang='lat' dir='ltr'>bac</span> <span class='ocrx_word' id='word_1_540' title='bbox 2816 863 3034 919; x_wconf 62' lang='lat' dir='ltr'>edibiali</span> <span class='ocrx_word' id='word_1_541' title='bbox 3047 864 3102 919; x_wconf 84' lang='lat'>6.</span> <span class='ocrx_word' id='word_1_542' title='bbox 3138 863 3193 918; x_wconf 91' lang='lat' dir='ltr'>C.</span> <span class='ocrx_word' id='word_1_543' title='bbox 3216 864 3282 918; x_wconf 80' lang='lat' dir='ltr'>de</span> <span class='ocrx_word' id='word_1_544' title='bbox 3316 864 3527 922; x_wconf 75' lang='lat' dir='ltr'>secund.</span> <span class='ocrx_word' id='word_1_545' title='bbox 3564 881 3713 934; x_wconf 78' lang='lat' dir='ltr'>nupt.</span> <span class='ocrx_word' id='word_1_546' title='bbox 3746 868 3824 924; x_wconf 90' lang='lat' dir='ltr'>di-</span> 
     </span>
     <span class='ocr_line' id='line_1_67' title="bbox 2205 930 3825 1007; baseline 0.001 -16"><span class='ocrx_word' id='word_1_547' title='bbox 2205 938 2546 1003; x_wconf 80' lang='lat' dir='ltr'>spositionem</span> <span class='ocrx_word' id='word_1_548' title='bbox 2578 933 2769 990; x_wconf 89' lang='lat' dir='ltr'>datum</span> <span class='ocrx_word' id='word_1_549' title='bbox 2802 930 3148 1001; x_wconf 78' lang='lat' dir='ltr'>probabitur3</span> <span class='ocrx_word' id='word_1_550' title='bbox 3181 951 3304 991; x_wconf 86' lang='lat' dir='ltr'>cum</span> <span class='ocrx_word' id='word_1_551' title='bbox 3324 938 3570 1005; x_wconf 81' lang='lat' dir='ltr'>nuspiam</span> <span class='ocrx_word' id='word_1_552' title='bbox 3595 935 3693 989; x_wconf 90' lang='lat' dir='ltr'>illa</span> <span class='ocrx_word' id='word_1_553' title='bbox 3710 953 3825 1007; x_wconf 87' lang='lat' dir='ltr'>pro-</span> 
     </span>
     <span class='ocr_line' id='line_1_68' title="bbox 2208 999 3827 1075; baseline 0 -16"><span class='ocrx_word' id='word_1_554' title='bbox 2208 1002 2430 1066; x_wconf 85' lang='lat' dir='ltr'>hibendi</span> <span class='ocrx_word' id='word_1_555' title='bbox 2464 1005 2693 1071; x_wconf 80' lang='lat' dir='ltr'>potestas</span> <span class='ocrx_word' id='word_1_556' title='bbox 2732 1004 2939 1070; x_wconf 87' lang='lat' dir='ltr'>parenti</span> <span class='ocrx_word' id='word_1_557' title='bbox 2979 999 3183 1058; x_wconf 89' lang='lat' dir='ltr'>binubo</span> <span class='ocrx_word' id='word_1_558' title='bbox 3215 1021 3464 1062; x_wconf 81' lang='lat' dir='ltr'>concessa</span> <span class='ocrx_word' id='word_1_559' title='bbox 3504 1006 3827 1075; x_wconf 85' lang='lat' dir='ltr'>inveniatur,</span> 
     </span>
     <span class='ocr_line' id='line_1_69' title="bbox 2206 1068 3822 1143; baseline 0.001 -14"><span class='ocrx_word' id='word_1_560' title='bbox 2206 1077 2439 1142; x_wconf 86' lang='lat' dir='ltr'>adeoque</span> <span class='ocrx_word' id='word_1_561' title='bbox 2472 1072 2647 1140; x_wconf 82' lang='lat' dir='ltr'>locum</span> <span class='ocrx_word' id='word_1_562' title='bbox 2685 1068 2878 1128; x_wconf 80' lang='lat' dir='ltr'>habeat</span> <span class='ocrx_word' id='word_1_563' title='bbox 2911 1070 3079 1143; x_wconf 86' lang='lat' dir='ltr'>illud,</span> <span class='ocrx_word' id='word_1_564' title='bbox 3114 1075 3440 1138; x_wconf 74' lang='lat' dir='ltr'>privatorum</span> <span class='ocrx_word' id='word_1_565' title='bbox 3478 1080 3724 1131; x_wconf 79' lang='lat' dir='ltr'>cautione</span> <span class='ocrx_word' id='word_1_566' title='bbox 3758 1076 3822 1130; x_wconf 86' lang='lat' dir='ltr'>le·</span> 
     </span>
     <span class='ocr_line' id='line_1_70' title="bbox 2199 1137 3824 1219; baseline 0.001 -22"><span class='ocrx_word' id='word_1_567' title='bbox 2199 1141 2345 1217; x_wconf 74' lang='lat' dir='ltr'>gibus</span> <span class='ocrx_word' id='word_1_568' title='bbox 2383 1162 2484 1199; x_wconf 81' lang='lat' dir='ltr'>non</span> <span class='ocrx_word' id='word_1_569' title='bbox 2519 1161 2629 1195; x_wconf 77' lang='lat' dir='ltr'>erse</span> <span class='ocrx_word' id='word_1_570' title='bbox 2662 1137 3035 1213; x_wconf 73' lang='lat' dir='ltr'>nfragandum</span> <span class='ocrx_word' id='word_1_571' title='bbox 3072 1139 3125 1195; x_wconf 84' lang='lat' dir='ltr'>d.</span> <span class='ocrx_word' id='word_1_572' title='bbox 3164 1141 3202 1198; x_wconf 88' lang='lat' dir='ltr'>l.</span> <span class='ocrx_word' id='word_1_573' title='bbox 3247 1141 3326 1200; x_wconf 84' lang='lat'>15.</span> <span class='ocrx_word' id='word_1_574' title='bbox 3357 1137 3410 1216; x_wconf 55' lang='grc' dir='ltr'><strong>ᾗ.</strong></span> <span class='ocrx_word' id='word_1_575' title='bbox 3456 1162 3500 1199; x_wconf 84' lang='grc' dir='ltr'>ι.</span> <span class='ocrx_word' id='word_1_576' title='bbox 3525 1141 3601 1213; x_wconf 74' lang='lat' dir='ltr'><em>ff</em></span> <span class='ocrx_word' id='word_1_577' title='bbox 3637 1145 3722 1199; x_wconf 73' lang='lat' dir='ltr'>ad</span> <span class='ocrx_word' id='word_1_578' title='bbox 3741 1146 3824 1219; x_wconf 78' lang='lat' dir='ltr'>leg.</span> 
     </span>
     <span class='ocr_line' id='line_1_71' title="bbox 2210 1210 3821 1282; baseline 0 -12"><span class='ocrx_word' id='word_1_579' title='bbox 2210 1210 2414 1270; x_wconf 78' lang='lat' dir='ltr'>Falcid.</span> <span class='ocrx_word' id='word_1_580' title='bbox 2450 1228 2510 1267; x_wconf 88' lang='lat' dir='ltr'>ut</span> <span class='ocrx_word' id='word_1_581' title='bbox 2545 1212 2622 1280; x_wconf 72' lang='grc' dir='ltr'>ἃ,</span> <span class='ocrx_word' id='word_1_582' title='bbox 2655 1215 2922 1266; x_wconf 79' lang='lat' dir='ltr'>neminem</span> <span class='ocrx_word' id='word_1_583' title='bbox 2957 1213 3012 1265; x_wconf 79' lang='lat' dir='ltr'>in</span> <span class='ocrx_word' id='word_1_584' title='bbox 3049 1230 3139 1266; x_wconf 79' lang='lat' dir='ltr'>suo</span> <span class='ocrx_word' id='word_1_585' title='bbox 3172 1228 3486 1267; x_wconf 73' lang='lat' dir='ltr'>testamento</span> <span class='ocrx_word' id='word_1_586' title='bbox 3497 1229 3638 1282; x_wconf 78' lang='lat' dir='ltr'>porse</span> <span class='ocrx_word' id='word_1_587' title='bbox 3677 1234 3821 1270; x_wconf 66' lang='grc' dir='ltr'>ατε·</span> 
     </span>
     <span class='ocr_line' id='line_1_72' title="bbox 2209 1280 3825 1354; baseline 0.001 -15"><span class='ocrx_word' id='word_1_588' title='bbox 2209 1303 2284 1352; x_wconf 78' lang='lat' dir='ltr'>re,</span> <span class='ocrx_word' id='word_1_589' title='bbox 2318 1303 2385 1338; x_wconf 78' lang='lat' dir='ltr'>ne</span> <span class='ocrx_word' id='word_1_590' title='bbox 2418 1280 2543 1353; x_wconf 77' lang='lat' dir='ltr'>leges</span> <span class='ocrx_word' id='word_1_591' title='bbox 2580 1283 2638 1336; x_wconf 72' lang='lat' dir='ltr'>ia</span> <span class='ocrx_word' id='word_1_592' title='bbox 2672 1301 2763 1336; x_wconf 78' lang='lat' dir='ltr'>sao</span> <span class='ocrx_word' id='word_1_593' title='bbox 2797 1296 3111 1352; x_wconf 49' lang='lat' dir='ltr'>testamento</span> <span class='ocrx_word' id='word_1_594' title='bbox 3144 1280 3315 1337; x_wconf 82' lang='lat' dir='ltr'>locum</span> <span class='ocrx_word' id='word_1_595' title='bbox 3335 1281 3587 1354; x_wconf 79' lang='lat' dir='ltr'>babeant,</span> <span class='ocrx_word' id='word_1_596' title='bbox 3625 1284 3663 1340; x_wconf 74' lang='lat' dir='ltr'>l-</span> <span class='ocrx_word' id='word_1_597' title='bbox 3684 1305 3825 1340; x_wconf 77' lang='lat' dir='ltr'>neme</span> 
     </span>
     <span class='ocr_line' id='line_1_73' title="bbox 2207 1343 3824 1424; baseline 0 -15"><span class='ocrx_word' id='word_1_598' title='bbox 2207 1369 2367 1422; x_wconf 74' lang='lat' dir='ltr'>potest</span> <span class='ocrx_word' id='word_1_599' title='bbox 2404 1345 2491 1408; x_wconf 84' lang='grc'>55.</span> <span class='ocrx_word' id='word_1_600' title='bbox 2514 1347 2591 1420; x_wconf 81' lang='lat' dir='ltr'>ff.</span> <span class='ocrx_word' id='word_1_601' title='bbox 2630 1348 2694 1403; x_wconf 73' lang='lat' dir='ltr'>de</span> <span class='ocrx_word' id='word_1_602' title='bbox 2727 1349 2774 1405; x_wconf 84' lang='lat' dir='ltr'>le</span> <span class='ocrx_word' id='word_1_603' title='bbox 2803 1350 2910 1403; x_wconf 53' lang='lat' dir='ltr'>aiis</span> <span class='ocrx_word' id='word_1_604' title='bbox 2954 1367 2998 1404; x_wconf 85' lang='lat'>1.</span> <span class='ocrx_word' id='word_1_605' title='bbox 3037 1343 3177 1405; x_wconf 59' lang='lat' dir='ltr'>Non*</span> <span class='ocrx_word' id='word_1_606' title='bbox 3206 1349 3496 1424; x_wconf 89' lang='lat' dir='ltr'>obstante,</span> <span class='ocrx_word' id='word_1_607' title='bbox 3541 1355 3685 1422; x_wconf 91' lang='lat' dir='ltr'>quod</span> <span class='ocrx_word' id='word_1_608' title='bbox 3721 1351 3824 1422; x_wconf 73' lang='lat' dir='ltr'>iure</span> 
     </span>
     <span class='ocr_line' id='line_1_74' title="bbox 2211 1369 3822 1482; baseline 0 -4"><span class='ocrx_word' id='word_1_609' title='bbox 2211 1439 2353 1480; x_wconf 87' lang='lat' dir='ltr'>novo</span> <span class='ocrx_word' id='word_1_610' title='bbox 2387 1417 2642 1478; x_wconf 65' lang='lat' dir='ltr'>Falcidia</span> <span class='ocrx_word' id='word_1_611' title='bbox 2676 1369 3053 1475; x_wconf 62' lang='lat' dir='ltr'>dedgustionem</span> <span class='ocrx_word' id='word_1_612' title='bbox 3089 1432 3313 1476; x_wconf 89' lang='lat' dir='ltr'>testator</span> <span class='ocrx_word' id='word_1_613' title='bbox 3348 1420 3529 1479; x_wconf 87' lang='lat' dir='ltr'>heredi</span> <span class='ocrx_word' id='word_1_614' title='bbox 3567 1421 3713 1482; x_wconf 71' lang='lat' dir='ltr'>reEie</span> <span class='ocrx_word' id='word_1_615' title='bbox 3748 1424 3822 1478; x_wconf 81' lang='lat' dir='ltr'>in·</span> 
     </span>
     <span class='ocr_line' id='line_1_75' title="bbox 2209 1486 3822 1561; baseline 0.002 -15"><span class='ocrx_word' id='word_1_616' title='bbox 2209 1491 2461 1550; x_wconf 83' lang='lat' dir='ltr'>terdicit:</span> <span class='ocrx_word' id='word_1_617' title='bbox 2493 1506 2614 1543; x_wconf 86' lang='lat' dir='ltr'>cum</span> <span class='ocrx_word' id='word_1_618' title='bbox 2646 1486 2971 1544; x_wconf 82' lang='lat' dir='ltr'>diversitatis</span> <span class='ocrx_word' id='word_1_619' title='bbox 3009 1489 3151 1543; x_wconf 85' lang='lat' dir='ltr'>ratio</span> <span class='ocrx_word' id='word_1_620' title='bbox 3187 1489 3244 1545; x_wconf 88' lang='lat' dir='ltr'>in</span> <span class='ocrx_word' id='word_1_621' title='bbox 3283 1507 3349 1547; x_wconf 87' lang='lat' dir='ltr'>eo</span> <span class='ocrx_word' id='word_1_622' title='bbox 3381 1490 3489 1561; x_wconf 88' lang='lat' dir='ltr'>sit,</span> <span class='ocrx_word' id='word_1_623' title='bbox 3543 1492 3695 1560; x_wconf 82' lang='lat' dir='ltr'>quod</span> <span class='ocrx_word' id='word_1_624' title='bbox 3747 1491 3822 1549; x_wconf 71' lang='lat' dir='ltr'>lex</span> 
     </span>
     <span class='ocr_line' id='line_1_76' title="bbox 2210 1558 3824 1641; baseline -0.001 -24"><span class='ocrx_word' id='word_1_625' title='bbox 2210 1558 2459 1618; x_wconf 77' lang='lat' dir='ltr'>Falcidia</span> <span class='ocrx_word' id='word_1_626' title='bbox 2494 1559 2727 1628; x_wconf 86' lang='lat' dir='ltr'>ipsorum</span> <span class='ocrx_word' id='word_1_627' title='bbox 2764 1568 3079 1613; x_wconf 88' lang='lat' dir='ltr'>testatorum</span> <span class='ocrx_word' id='word_1_628' title='bbox 3111 1564 3284 1641; x_wconf 76' lang='lat' dir='ltr'>gratia</span> <span class='ocrx_word' id='word_1_629' title='bbox 3324 1573 3581 1628; x_wconf 87' lang='lat' dir='ltr'>concepta</span> <span class='ocrx_word' id='word_1_630' title='bbox 3622 1575 3727 1632; x_wconf 86' lang='lat' dir='ltr'>est,</span> <span class='ocrx_word' id='word_1_631' title='bbox 3752 1577 3824 1628; x_wconf 76' lang='lat' dir='ltr'>pr.</span> 
     </span>
     <span class='ocr_line' id='line_1_77' title="bbox 2212 1626 3826 1710; baseline -0.001 -25"><span class='ocrx_word' id='word_1_632' title='bbox 2212 1630 2402 1687; x_wconf 43' lang='lat' dir='ltr'>Institr</span> <span class='ocrx_word' id='word_1_633' title='bbox 2426 1629 2486 1683; x_wconf 74' lang='lat' dir='ltr'>de</span> <span class='ocrx_word' id='word_1_634' title='bbox 2523 1627 2627 1699; x_wconf 83' lang='lat' dir='ltr'>lege</span> <span class='ocrx_word' id='word_1_635' title='bbox 2663 1626 2867 1710; x_wconf 61' lang='lat' dir='ltr'>an&#39;cid.</span> <span class='ocrx_word' id='word_1_636' title='bbox 2905 1626 2995 1693; x_wconf 89' lang='lat' dir='ltr'>qui</span> <span class='ocrx_word' id='word_1_637' title='bbox 3032 1628 3255 1695; x_wconf 75' lang='lat' dir='ltr'>proinde</span> <span class='ocrx_word' id='word_1_638' title='bbox 3290 1629 3368 1683; x_wconf 89' lang='lat' dir='ltr'>sic</span> <span class='ocrx_word' id='word_1_639' title='bbox 3408 1628 3508 1694; x_wconf 69' lang='lat' dir='ltr'>iuri</span> <span class='ocrx_word' id='word_1_640' title='bbox 3539 1648 3643 1699; x_wconf 90' lang='lat' dir='ltr'>pro</span> <span class='ocrx_word' id='word_1_641' title='bbox 3676 1632 3826 1688; x_wconf 79' lang='lat' dir='ltr'>sein-</span> 
     </span>
     <span class='ocr_line' id='line_1_78' title="bbox 2212 1694 3827 1770; baseline -0.001 -14"><span class='ocrx_word' id='word_1_642' title='bbox 2212 1696 2462 1759; x_wconf 61' lang='lat' dir='ltr'>troci-‚1610</span> <span class='ocrx_word' id='word_1_643' title='bbox 2498 1694 3222 1770; x_wconf 73' lang='lat' dir='ltr'>renunciareintelliguntur.</span> <span class='ocrx_word' id='word_1_644' title='bbox 3258 1696 3389 1756; x_wconf 65' lang='lat' dir='ltr'>ch</span> <span class='ocrx_word' id='word_1_645' title='bbox 3410 1717 3541 1756; x_wconf 83' lang='lat' dir='ltr'>vero</span> <span class='ocrx_word' id='word_1_646' title='bbox 3572 1701 3827 1760; x_wconf 79' lang='lat' dir='ltr'>secunda-</span> 
     </span>
     <span class='ocr_line' id='line_1_79' title="bbox 2212 1767 3827 1839; baseline -0.001 -13"><span class='ocrx_word' id='word_1_647' title='bbox 2212 1788 2331 1830; x_wconf 88' lang='lat' dir='ltr'>rum</span> <span class='ocrx_word' id='word_1_648' title='bbox 2365 1770 2672 1839; x_wconf 80' lang='lat' dir='ltr'>nuptiarum</span> <span class='ocrx_word' id='word_1_649' title='bbox 2707 1785 2855 1836; x_wconf 87' lang='lat' dir='ltr'>poena</span> <span class='ocrx_word' id='word_1_650' title='bbox 2892 1784 3003 1825; x_wconf 88' lang='lat' dir='ltr'>non</span> <span class='ocrx_word' id='word_1_651' title='bbox 3042 1772 3097 1824; x_wconf 88' lang='lat' dir='ltr'>in</span> <span class='ocrx_word' id='word_1_652' title='bbox 3136 1769 3292 1834; x_wconf 85' lang='lat' dir='ltr'>ipsius</span> <span class='ocrx_word' id='word_1_653' title='bbox 3327 1768 3517 1826; x_wconf 88' lang='lat' dir='ltr'>binubi</span> <span class='ocrx_word' id='word_1_654' title='bbox 3558 1767 3827 1839; x_wconf 77' lang='lat' dir='ltr'>favorem,</span> 
     </span>
     <span class='ocr_line' id='line_1_80' title="bbox 2210 1834 3831 1902; baseline 0.001 -5"><span class='ocrx_word' id='word_1_655' title='bbox 2210 1841 2300 1900; x_wconf 82' lang='lat' dir='ltr'>sed</span> <span class='ocrx_word' id='word_1_656' title='bbox 2334 1851 2549 1898; x_wconf 70' lang='lat' dir='ltr'>tantum</span> <span class='ocrx_word' id='word_1_657' title='bbox 2584 1837 2870 1902; x_wconf 82' lang='lat' dir='ltr'>liberorum</span> <span class='ocrx_word' id='word_1_658' title='bbox 2906 1834 3053 1892; x_wconf 91' lang='lat' dir='ltr'>thori</span> <span class='ocrx_word' id='word_1_659' title='bbox 3091 1837 3386 1902; x_wconf 81' lang='lat' dir='ltr'>utilitatem</span> <span class='ocrx_word' id='word_1_660' title='bbox 3405 1857 3469 1894; x_wconf 89' lang='lat' dir='ltr'>ac</span> <span class='ocrx_word' id='word_1_661' title='bbox 3485 1839 3831 1898; x_wconf 85' lang='lat' dir='ltr'>solatiumest</span> 
     </span>
     <span class='ocr_line' id='line_1_81' title="bbox 2212 1903 3828 1981; baseline 0 -17"><span class='ocrx_word' id='word_1_662' title='bbox 2212 1909 2580 1981; x_wconf 69' lang='lat' dir='ltr'>promulgata,</span> <span class='ocrx_word' id='word_1_663' title='bbox 2616 1922 2774 1977; x_wconf 73' lang='lat' dir='ltr'>atque</span> <span class='ocrx_word' id='word_1_664' title='bbox 2808 1909 2885 1967; x_wconf 88' lang='lat' dir='ltr'>ita</span> <span class='ocrx_word' id='word_1_665' title='bbox 2923 1903 3090 1977; x_wconf 65' lang='lat' dir='ltr'>fieret,</span> <span class='ocrx_word' id='word_1_666' title='bbox 3128 1919 3188 1968; x_wconf 88' lang='lat' dir='ltr'>ut</span> <span class='ocrx_word' id='word_1_667' title='bbox 3223 1926 3411 1979; x_wconf 83' lang='lat' dir='ltr'>parens</span> <span class='ocrx_word' id='word_1_668' title='bbox 3433 1908 3671 1966; x_wconf 87' lang='lat' dir='ltr'>binubus</span> <span class='ocrx_word' id='word_1_669' title='bbox 3705 1929 3828 1966; x_wconf 82' lang='lat' dir='ltr'>con-</span> 
     </span>
     <span class='ocr_line' id='line_1_82' title="bbox 2212 1973 3829 2051; baseline -0.001 -17"><span class='ocrx_word' id='word_1_670' title='bbox 2212 1993 2295 2037; x_wconf 84' lang='lat' dir='ltr'>tra</span> <span class='ocrx_word' id='word_1_671' title='bbox 2330 1977 2600 2050; x_wconf 83' lang='lat' dir='ltr'>generalia</span> <span class='ocrx_word' id='word_1_672' title='bbox 2637 1973 2768 2046; x_wconf 80' lang='lat' dir='ltr'>juris</span> <span class='ocrx_word' id='word_1_673' title='bbox 2801 1977 3065 2048; x_wconf 81' lang='lat' dir='ltr'>principia</span> <span class='ocrx_word' id='word_1_674' title='bbox 3104 1996 3215 2036; x_wconf 89' lang='lat' dir='ltr'>non</span> <span class='ocrx_word' id='word_1_675' title='bbox 3252 1996 3380 2051; x_wconf 87' lang='lat' dir='ltr'>suo,</span> <span class='ocrx_word' id='word_1_676' title='bbox 3413 1981 3505 2038; x_wconf 85' lang='lat' dir='ltr'>sed</span> <span class='ocrx_word' id='word_1_677' title='bbox 3544 1978 3829 2038; x_wconf 71' lang='lat' dir='ltr'>liberorum</span> 
     </span>
    </p>
   </div>
   <div class='ocr_carea' id='block_1_6' title="bbox 2197 2044 3835 4067">
    <p class='ocr_par' dir='ltr' id='par_1_9' title="bbox 2212 2044 2782 2121">
     <span class='ocr_line' id='line_1_83' title="bbox 2212 2044 2782 2121; baseline -0.012 -16"><span class='ocrx_word' id='word_1_678' title='bbox 2212 2068 2308 2108; x_wconf 83' lang='lat' dir='ltr'>ren</span> <span class='ocrx_word' id='word_1_679' title='bbox 2389 2055 2553 2121; x_wconf 76' lang='lat' dir='ltr'>ciaret</span> <span class='ocrx_word' id='word_1_680' title='bbox 2594 2044 2782 2101; x_wconf 79' lang='lat' dir='ltr'>favori.</span> 
     </span>
    </p>

    <p class='ocr_par' dir='ltr' id='par_1_10' title="bbox 2197 2068 3835 4067">
     <span class='ocr_line' id='line_1_84' title="bbox 2284 2068 3826 2188; baseline -0.002 -12"><span class='ocrx_word' id='word_1_681' title='bbox 2284 2068 2402 2176; x_wconf 52' lang='grc' dir='ltr'><strong>ιιιιξ.</strong></span> <span class='ocrx_word' id='word_1_682' title='bbox 2439 2115 2570 2176; x_wconf 89' lang='lat' dir='ltr'>Non</span> <span class='ocrx_word' id='word_1_683' title='bbox 2607 2123 2770 2172; x_wconf 81' lang='lat' dir='ltr'>etiam</span> <span class='ocrx_word' id='word_1_684' title='bbox 2806 2114 2963 2175; x_wconf 85' lang='lat' dir='ltr'>liberi</span> <span class='ocrx_word' id='word_1_685' title='bbox 2978 2123 3136 2188; x_wconf 86' lang='lat' dir='ltr'>primi</span> <span class='ocrx_word' id='word_1_686' title='bbox 3171 2119 3503 2175; x_wconf 84' lang='lat' dir='ltr'>matrimonii</span> <span class='ocrx_word' id='word_1_687' title='bbox 3542 2116 3649 2174; x_wconf 85' lang='lat' dir='ltr'>boc</span> <span class='ocrx_word' id='word_1_688' title='bbox 3686 2135 3826 2177; x_wconf 85' lang='lat' dir='ltr'>com-</span> 
     </span>
     <span class='ocr_line' id='line_1_85' title="bbox 2212 2186 3820 2271; baseline 0.002 -29"><span class='ocrx_word' id='word_1_689' title='bbox 2212 2187 2375 2245; x_wconf 84' lang='lat' dir='ltr'>modo</span> <span class='ocrx_word' id='word_1_690' title='bbox 2403 2206 2503 2271; x_wconf 74' lang='lat' dir='ltr'>per</span> <span class='ocrx_word' id='word_1_691' title='bbox 2541 2186 2557 2240; x_wconf 92' lang='lat' dir='ltr'>l</span> <span class='ocrx_word' id='word_1_692' title='bbox 2621 2206 2676 2242; x_wconf 82' lang='lat' dir='ltr'>es</span> <span class='ocrx_word' id='word_1_693' title='bbox 2710 2205 2957 2245; x_wconf 86' lang='lat' dir='ltr'>concesso</span> <span class='ocrx_word' id='word_1_694' title='bbox 2997 2186 3283 2248; x_wconf 77' lang='lat' dir='ltr'>fraudandi</span> <span class='ocrx_word' id='word_1_695' title='bbox 3302 2208 3393 2258; x_wconf 84' lang='lat' dir='ltr'>per</span> <span class='ocrx_word' id='word_1_696' title='bbox 3431 2189 3506 2254; x_wconf 82' lang='lat' dir='ltr'>id,</span> <span class='ocrx_word' id='word_1_697' title='bbox 3542 2189 3695 2257; x_wconf 82' lang='lat' dir='ltr'>quod</span> <span class='ocrx_word' id='word_1_698' title='bbox 3728 2190 3820 2247; x_wconf 90' lang='lat' dir='ltr'>do-</span> 
     </span>
     <span class='ocr_line' id='line_1_86' title="bbox 2215 2255 3821 2331; baseline 0.001 -19"><span class='ocrx_word' id='word_1_699' title='bbox 2215 2261 2366 2313; x_wconf 82' lang='lat' dir='ltr'>nario</span> <span class='ocrx_word' id='word_1_700' title='bbox 2401 2274 2530 2312; x_wconf 82' lang='lat' dir='ltr'>tmm</span> <span class='ocrx_word' id='word_1_701' title='bbox 2604 2269 2773 2326; x_wconf 86' lang='lat' dir='ltr'>erata,</span> <span class='ocrx_word' id='word_1_702' title='bbox 2814 2257 2867 2310; x_wconf 90' lang='lat' dir='ltr'>in</span> <span class='ocrx_word' id='word_1_703' title='bbox 2905 2255 3187 2331; x_wconf 72' lang='lat' dir='ltr'>conjugem</span> <span class='ocrx_word' id='word_1_704' title='bbox 3222 2259 3507 2318; x_wconf 80' lang='lat' dir='ltr'>secundam</span> <span class='ocrx_word' id='word_1_705' title='bbox 3544 2276 3575 2313; x_wconf 89' lang='lat' dir='ltr'>a</span> <span class='ocrx_word' id='word_1_706' title='bbox 3618 2256 3821 2316; x_wconf 82' lang='lat' dir='ltr'>binubo</span> 
     </span>
     <span class='ocr_line' id='line_1_87' title="bbox 2214 2323 3826 2388; baseline 0.001 -6"><span class='ocrx_word' id='word_1_707' title='bbox 2214 2327 2360 2388; x_wconf 84' lang='lat' dir='ltr'>inter</span> <span class='ocrx_word' id='word_1_708' title='bbox 2394 2331 2543 2383; x_wconf 76' lang='lat' dir='ltr'>vivos</span> <span class='ocrx_word' id='word_1_709' title='bbox 2599 2323 3022 2384; x_wconf 82' lang='lat' dir='ltr'>irrevocabiliter</span> <span class='ocrx_word' id='word_1_710' title='bbox 3057 2328 3258 2384; x_wconf 85' lang='lat' dir='ltr'>collata</span> <span class='ocrx_word' id='word_1_711' title='bbox 3349 2342 3539 2385; x_wconf 87' lang='lat' dir='ltr'>mutuo</span> <span class='ocrx_word' id='word_1_712' title='bbox 3572 2328 3826 2384; x_wconf 86' lang='lat' dir='ltr'>donantis</span> 
     </span>
     <span class='ocr_line' id='line_1_88' title="bbox 2212 2369 3824 2473; baseline -0.002 -20"><span class='ocrx_word' id='word_1_713' title='bbox 2212 2415 2276 2453; x_wconf 85' lang='lat' dir='ltr'>ac</span> <span class='ocrx_word' id='word_1_714' title='bbox 2310 2395 2585 2452; x_wconf 88' lang='lat' dir='ltr'>donatarii</span> <span class='ocrx_word' id='word_1_715' title='bbox 2620 2387 2881 2473; x_wconf 56' lang='lat' dir='ltr'>cor-sensu</span> <span class='ocrx_word' id='word_1_716' title='bbox 2918 2401 3117 2453; x_wconf 86' lang='lat' dir='ltr'>iterum</span> <span class='ocrx_word' id='word_1_717' title='bbox 3152 2369 3381 2455; x_wconf 68' lang='lat' dir='ltr'>resol&#39;uta</span> <span class='ocrx_word' id='word_1_718' title='bbox 3415 2399 3527 2462; x_wconf 79' lang='lat' dir='ltr'>sit3</span> <span class='ocrx_word' id='word_1_719' title='bbox 3563 2413 3693 2452; x_wconf 88' lang='lat' dir='ltr'>cum</span> <span class='ocrx_word' id='word_1_720' title='bbox 3728 2401 3824 2465; x_wconf 76' lang='lat' dir='ltr'>ipsa</span> 
     </span>
     <span class='ocr_line' id='line_1_89' title="bbox 2211 2460 3825 2538; baseline -0.001 -14"><span class='ocrx_word' id='word_1_721' title='bbox 2211 2466 2507 2525; x_wconf 88' lang='lat' dir='ltr'>donatione</span> <span class='ocrx_word' id='word_1_722' title='bbox 2543 2460 2776 2533; x_wconf 60' lang='lat' dir='ltr'>perfetta</span> <span class='ocrx_word' id='word_1_723' title='bbox 2820 2481 2926 2532; x_wconf 72' lang='lat' dir='ltr'>Jam</span> <span class='ocrx_word' id='word_1_724' title='bbox 2963 2478 3077 2522; x_wconf 83' lang='lat' dir='ltr'>tum</span> <span class='ocrx_word' id='word_1_725' title='bbox 3117 2468 3173 2526; x_wconf 83' lang='lat' dir='ltr'>in</span> <span class='ocrx_word' id='word_1_726' title='bbox 3214 2465 3380 2538; x_wconf 82' lang='lat' dir='ltr'>legem</span> <span class='ocrx_word' id='word_1_727' title='bbox 3418 2477 3736 2537; x_wconf 85' lang='lat' dir='ltr'>peccatum,</span> <span class='ocrx_word' id='word_1_728' title='bbox 3767 2485 3825 2522; x_wconf 80' lang='lat' dir='ltr'>ac</span> 
     </span>
     <span class='ocr_line' id='line_1_90' title="bbox 2214 2532 3827 2608; baseline 0 -17"><span class='ocrx_word' id='word_1_729' title='bbox 2214 2535 2438 2603; x_wconf 87' lang='lat' dir='ltr'>proinde</span> <span class='ocrx_word' id='word_1_730' title='bbox 2472 2553 2588 2608; x_wconf 77' lang='lat' dir='ltr'>spes</span> <span class='ocrx_word' id='word_1_731' title='bbox 2626 2551 2785 2602; x_wconf 73' lang='lat' dir='ltr'>poenx</span> <span class='ocrx_word' id='word_1_732' title='bbox 2806 2551 2900 2590; x_wconf 83' lang='lat' dir='ltr'>suo</span> <span class='ocrx_word' id='word_1_733' title='bbox 2920 2549 3152 2603; x_wconf 87' lang='lat' dir='ltr'>tempore</span> <span class='ocrx_word' id='word_1_734' title='bbox 3189 2537 3552 2604; x_wconf 61' lang='lat' dir='ltr'>persequenda:</span> <span class='ocrx_word' id='word_1_735' title='bbox 3593 2532 3703 2601; x_wconf 76' lang='lat' dir='ltr'>iam</span> <span class='ocrx_word' id='word_1_736' title='bbox 3736 2554 3827 2591; x_wconf 81' lang='lat' dir='ltr'>na-</span> 
     </span>
     <span class='ocr_line' id='line_1_91' title="bbox 2208 2600 3826 2684; baseline -0.001 -20"><span class='ocrx_word' id='word_1_737' title='bbox 2208 2618 2273 2664; x_wconf 77' lang='lat' dir='ltr'>ta</span> <span class='ocrx_word' id='word_1_738' title='bbox 2308 2601 2465 2662; x_wconf 85' lang='lat' dir='ltr'>suerit</span> <span class='ocrx_word' id='word_1_739' title='bbox 2486 2647 2505 2676; x_wconf 88' lang='lat'>,</span> <span class='ocrx_word' id='word_1_740' title='bbox 2540 2622 2635 2660; x_wconf 89' lang='lat' dir='ltr'>nec</span> <span class='ocrx_word' id='word_1_741' title='bbox 2672 2600 2979 2660; x_wconf 67' lang='lat' dir='ltr'>contra&amp;us</span> <span class='ocrx_word' id='word_1_742' title='bbox 3013 2619 3107 2662; x_wconf 85' lang='lat' dir='ltr'>aut</span> <span class='ocrx_word' id='word_1_743' title='bbox 3146 2606 3359 2675; x_wconf 84' lang='lat' dir='ltr'>negotia</span> <span class='ocrx_word' id='word_1_744' title='bbox 3398 2607 3712 2684; x_wconf 46' lang='lat' dir='ltr'>inter-duos</span> <span class='ocrx_word' id='word_1_745' title='bbox 3743 2624 3826 2674; x_wconf 81' lang='lat' dir='ltr'>ge-</span> 
     </span>
     <span class='ocr_line' id='line_1_92' title="bbox 2215 2673 3827 2746; baseline 0.002 -14"><span class='ocrx_word' id='word_1_746' title='bbox 2215 2687 2299 2732; x_wconf 88' lang='lat' dir='ltr'>sta</span> <span class='ocrx_word' id='word_1_747' title='bbox 2340 2674 2530 2734; x_wconf 86' lang='lat' dir='ltr'>resolvi</span> <span class='ocrx_word' id='word_1_748' title='bbox 2635 2677 2769 2730; x_wconf 88' lang='lat' dir='ltr'>ssint</span> <span class='ocrx_word' id='word_1_749' title='bbox 2824 2673 3035 2741; x_wconf 89' lang='lat' dir='ltr'>quoties</span> <span class='ocrx_word' id='word_1_750' title='bbox 3070 2675 3198 2732; x_wconf 89' lang='lat' dir='ltr'>inde</span> <span class='ocrx_word' id='word_1_751' title='bbox 3234 2675 3311 2745; x_wconf 77' lang='lat' dir='ltr'>ius</span> <span class='ocrx_word' id='word_1_752' title='bbox 3345 2679 3509 2733; x_wconf 89' lang='lat' dir='ltr'>tertio</span> <span class='ocrx_word' id='word_1_753' title='bbox 3544 2691 3658 2746; x_wconf 75' lang='lat' dir='ltr'>jam</span> <span class='ocrx_word' id='word_1_754' title='bbox 3689 2694 3827 2746; x_wconf 73' lang='lat' dir='ltr'>que-</span> 
     </span>
     <span class='ocr_line' id='line_1_93' title="bbox 2211 2716 3824 2819; baseline -0.001 -18"><span class='ocrx_word' id='word_1_755' title='bbox 2211 2751 2373 2802; x_wconf 88' lang='lat' dir='ltr'>situm</span> <span class='ocrx_word' id='word_1_756' title='bbox 2405 2760 2485 2807; x_wconf 79' lang='lat' dir='ltr'>est</span> <span class='ocrx_word' id='word_1_757' title='bbox 2589 2762 2715 2819; x_wconf 71' lang='lat' dir='ltr'>arry</span> <span class='ocrx_word' id='word_1_758' title='bbox 2735 2716 2799 2797; x_wconf 47' lang='lat' dir='ltr'>a}</span> <span class='ocrx_word' id='word_1_759' title='bbox 2833 2746 3134 2800; x_wconf 68' lang='lat' dir='ltr'>ruccas-sion.</span> <span class='ocrx_word' id='word_1_760' title='bbox 3156 2743 3245 2801; x_wconf 85' lang='lat' dir='ltr'>lib.</span> <span class='ocrx_word' id='word_1_761' title='bbox 3278 2763 3322 2802; x_wconf 88' lang='grc' dir='ltr'>ι.</span> <span class='ocrx_word' id='word_1_762' title='bbox 3358 2745 3441 2800; x_wconf 72' lang='lat' dir='ltr'>tit.</span> <span class='ocrx_word' id='word_1_763' title='bbox 3477 2756 3532 2816; x_wconf 89' lang='lat'>9.</span> <span class='ocrx_word' id='word_1_764' title='bbox 3572 2742 3824 2814; x_wconf 53' lang='lat' dir='ltr'>numssaess.</span> 
     </span>
     <span class='ocr_line' id='line_1_94' title="bbox 2211 2787 3824 2887; baseline 0 -15"><span class='ocrx_word' id='word_1_765' title='bbox 2211 2819 2269 2872; x_wconf 79' lang='lat' dir='ltr'>in</span> <span class='ocrx_word' id='word_1_766' title='bbox 2295 2815 2424 2887; x_wconf 80' lang='lat' dir='ltr'>fine.</span> <span class='ocrx_word' id='word_1_767' title='bbox 2462 2787 2666 2873; x_wconf 48' lang='lat' dir='ltr'>(lonfer</span> <span class='ocrx_word' id='word_1_768' title='bbox 2701 2811 2869 2869; x_wconf 77' lang='lat' dir='ltr'>tit.de</span> <span class='ocrx_word' id='word_1_769' title='bbox 2889 2813 2992 2887; x_wconf 81' lang='lat' dir='ltr'>Iege</span> <span class='ocrx_word' id='word_1_770' title='bbox 3024 2818 3341 2871; x_wconf 70' lang='lat' dir='ltr'>commissor.</span> <span class='ocrx_word' id='word_1_771' title='bbox 3365 2836 3512 2871; x_wconf 78' lang='lat' dir='ltr'>num.</span> <span class='ocrx_word' id='word_1_772' title='bbox 3537 2812 3626 2883; x_wconf 64' lang='lat'>24.</span> <span class='ocrx_word' id='word_1_773' title='bbox 3666 2817 3723 2871; x_wconf 77' lang='lat' dir='ltr'>in</span> <span class='ocrx_word' id='word_1_774' title='bbox 3751 2832 3824 2886; x_wconf 77' lang='lat' dir='ltr'>pr.</span> 
     </span>
     <span class='ocr_line' id='line_1_95' title="bbox 2209 2880 3825 2943; baseline -0.002 0"><span class='ocrx_word' id='word_1_775' title='bbox 2209 2890 2265 2943; x_wconf 79' lang='grc' dir='ltr'><strong>δι</strong></span> <span class='ocrx_word' id='word_1_776' title='bbox 2299 2882 2471 2941; x_wconf 78' lang='lat' dir='ltr'>tit.de</span> <span class='ocrx_word' id='word_1_777' title='bbox 2506 2881 2722 2939; x_wconf 73' lang='lat' dir='ltr'>rescind.</span> <span class='ocrx_word' id='word_1_778' title='bbox 2759 2880 2909 2939; x_wconf 83' lang='lat' dir='ltr'>vend.</span> <span class='ocrx_word' id='word_1_779' title='bbox 2931 2905 3078 2941; x_wconf 80' lang='lat' dir='ltr'>num.</span> <span class='ocrx_word' id='word_1_780' title='bbox 3124 2903 3167 2941; x_wconf 89' lang='lat'>1.</span> <span class='ocrx_word' id='word_1_781' title='bbox 3210 2882 3285 2941; x_wconf 81' lang='lat' dir='ltr'>Et</span> <span class='ocrx_word' id='word_1_782' title='bbox 3321 2882 3462 2941; x_wconf 87' lang='lat' dir='ltr'>hanc</span> <span class='ocrx_word' id='word_1_783' title='bbox 3498 2887 3825 2943; x_wconf 82' lang='lat' dir='ltr'>sententiam</span> 
     </span>
     <span class='ocr_line' id='line_1_96' title="bbox 2213 2947 3827 3025; baseline 0.001 -16"><span class='ocrx_word' id='word_1_784' title='bbox 2213 2973 2324 3010; x_wconf 88' lang='lat' dir='ltr'>non</span> <span class='ocrx_word' id='word_1_785' title='bbox 2362 2952 2549 3024; x_wconf 77' lang='lat' dir='ltr'>par&#39;um</span> <span class='ocrx_word' id='word_1_786' title='bbox 2566 2947 2801 3021; x_wconf 70' lang='lat' dir='ltr'>adjuvat,</span> <span class='ocrx_word' id='word_1_787' title='bbox 2836 2954 2978 3022; x_wconf 86' lang='lat' dir='ltr'>quod</span> <span class='ocrx_word' id='word_1_788' title='bbox 3011 2970 3044 3008; x_wconf 86' lang='lat' dir='ltr'>a</span> <span class='ocrx_word' id='word_1_789' title='bbox 3077 2952 3337 3022; x_wconf 85' lang='lat' dir='ltr'>pluribus,</span> <span class='ocrx_word' id='word_1_790' title='bbox 3368 2971 3430 3010; x_wconf 89' lang='lat' dir='ltr'>ac</span> <span class='ocrx_word' id='word_1_791' title='bbox 3466 2956 3685 3025; x_wconf 88' lang='lat' dir='ltr'>merito,</span> <span class='ocrx_word' id='word_1_792' title='bbox 3720 2968 3827 3012; x_wconf 79' lang='lat' dir='ltr'>tra-</span> 
     </span>
     <span class='ocr_line' id='line_1_97' title="bbox 2209 3020 3819 3097; baseline 0.002 -18"><span class='ocrx_word' id='word_1_793' title='bbox 2209 3025 2383 3085; x_wconf 81' lang='lat' dir='ltr'>ditum</span> <span class='ocrx_word' id='word_1_794' title='bbox 2406 3065 2424 3095; x_wconf 89' lang='lat'>,</span> <span class='ocrx_word' id='word_1_795' title='bbox 2458 3024 2643 3082; x_wconf 87' lang='lat' dir='ltr'>cedere</span> <span class='ocrx_word' id='word_1_796' title='bbox 2676 3027 2839 3079; x_wconf 87' lang='lat' dir='ltr'>etiam</span> <span class='ocrx_word' id='word_1_797' title='bbox 2873 3020 3066 3081; x_wconf 81' lang='lat' dir='ltr'>debere</span> <span class='ocrx_word' id='word_1_798' title='bbox 3103 3021 3279 3080; x_wconf 83' lang='lat' dir='ltr'>liberis</span> <span class='ocrx_word' id='word_1_799' title='bbox 3315 3025 3499 3091; x_wconf 88' lang='lat' dir='ltr'>prioris</span> <span class='ocrx_word' id='word_1_800' title='bbox 3537 3023 3693 3081; x_wconf 87' lang='lat' dir='ltr'>thori</span> <span class='ocrx_word' id='word_1_801' title='bbox 3727 3025 3819 3097; x_wconf 85' lang='lat' dir='ltr'>id,</span> 
     </span>
     <span class='ocr_line' id='line_1_98' title="bbox 2208 3090 3827 3165; baseline 0.002 -16"><span class='ocrx_word' id='word_1_802' title='bbox 2208 3092 2347 3165; x_wconf 86' lang='lat' dir='ltr'>quod</span> <span class='ocrx_word' id='word_1_803' title='bbox 2382 3111 2414 3149; x_wconf 87' lang='lat' dir='ltr'>a</span> <span class='ocrx_word' id='word_1_804' title='bbox 2448 3105 2666 3162; x_wconf 86' lang='lat' dir='ltr'>parente</span> <span class='ocrx_word' id='word_1_805' title='bbox 2702 3090 2906 3150; x_wconf 87' lang='lat' dir='ltr'>binubo</span> <span class='ocrx_word' id='word_1_806' title='bbox 2940 3094 3085 3149; x_wconf 86' lang='lat' dir='ltr'>inter</span> <span class='ocrx_word' id='word_1_807' title='bbox 3104 3096 3253 3151; x_wconf 84' lang='lat' dir='ltr'>vivos</span> <span class='ocrx_word' id='word_1_808' title='bbox 3287 3093 3714 3152; x_wconf 83' lang='lat' dir='ltr'>irrevocabiliter</span> <span class='ocrx_word' id='word_1_809' title='bbox 3743 3114 3827 3152; x_wconf 76' lang='lat' dir='ltr'>se-</span> 
     </span>
     <span class='ocr_line' id='line_1_99' title="bbox 2207 3160 3828 3237; baseline 0.004 -20"><span class='ocrx_word' id='word_1_810' title='bbox 2207 3162 2391 3221; x_wconf 73' lang='lat' dir='ltr'>cundae</span> <span class='ocrx_word' id='word_1_811' title='bbox 2426 3160 2639 3237; x_wconf 66' lang='lat' dir='ltr'>conjugi</span> <span class='ocrx_word' id='word_1_812' title='bbox 2676 3176 2867 3218; x_wconf 85' lang='lat' dir='ltr'>contra</span> <span class='ocrx_word' id='word_1_813' title='bbox 2901 3161 3071 3234; x_wconf 85' lang='lat' dir='ltr'>legem</span> <span class='ocrx_word' id='word_1_814' title='bbox 3103 3163 3362 3222; x_wconf 65' lang='lat' dir='ltr'>donatu‘n</span> <span class='ocrx_word' id='word_1_815' title='bbox 3398 3178 3476 3221; x_wconf 87' lang='lat' dir='ltr'>est</span> <span class='ocrx_word' id='word_1_816' title='bbox 3496 3206 3515 3235; x_wconf 90' lang='lat'>‚</span> <span class='ocrx_word' id='word_1_817' title='bbox 3549 3163 3648 3221; x_wconf 89' lang='lat' dir='ltr'>ubi</span> <span class='ocrx_word' id='word_1_818' title='bbox 3684 3180 3828 3232; x_wconf 80' lang='lat' dir='ltr'>pater</span> 
     </span>
     <span class='ocr_line' id='line_1_100' title="bbox 2208 3228 3829 3300; baseline 0.001 -9"><span class='ocrx_word' id='word_1_819' title='bbox 2208 3232 2415 3291; x_wconf 79' lang='lat' dir='ltr'>donans</span> <span class='ocrx_word' id='word_1_820' title='bbox 2434 3250 2542 3288; x_wconf 87' lang='lat' dir='ltr'>non</span> <span class='ocrx_word' id='word_1_821' title='bbox 2562 3230 2820 3288; x_wconf 86' lang='lat' dir='ltr'>solvendo</span> <span class='ocrx_word' id='word_1_822' title='bbox 2853 3228 3024 3293; x_wconf 60' lang='lat' dir='ltr'>faetus</span> <span class='ocrx_word' id='word_1_823' title='bbox 3042 3236 3270 3293; x_wconf 86' lang='lat' dir='ltr'>moritur</span> <span class='ocrx_word' id='word_1_824' title='bbox 3293 3252 3310 3300; x_wconf 66' lang='grc' dir='ltr'><strong>ς</strong></span> <span class='ocrx_word' id='word_1_825' title='bbox 3326 3233 3554 3292; x_wconf 74' lang='lat' dir='ltr'>exclusis</span> <span class='ocrx_word' id='word_1_826' title='bbox 3570 3235 3829 3292; x_wconf 82' lang='lat' dir='ltr'>donantis</span> 
     </span>
     <span class='ocr_line' id='line_1_101' title="bbox 2206 3298 3825 3375; baseline 0 -17"><span class='ocrx_word' id='word_1_827' title='bbox 2206 3301 2681 3375; x_wconf 78' lang='lat' dir='ltr'>creditoribus,qui</span> <span class='ocrx_word' id='word_1_828' title='bbox 2722 3298 2800 3358; x_wconf 81' lang='lat' dir='ltr'>vel</span> <span class='ocrx_word' id='word_1_829' title='bbox 2819 3317 2972 3373; x_wconf 83' lang='lat' dir='ltr'>ante,</span> <span class='ocrx_word' id='word_1_830' title='bbox 2993 3302 3078 3360; x_wconf 85' lang='lat' dir='ltr'>vel</span> <span class='ocrx_word' id='word_1_831' title='bbox 3114 3316 3228 3373; x_wconf 85' lang='lat' dir='ltr'>post</span> <span class='ocrx_word' id='word_1_832' title='bbox 3260 3302 3620 3366; x_wconf 85' lang='lat' dir='ltr'>donationem</span> <span class='ocrx_word' id='word_1_833' title='bbox 3650 3307 3825 3362; x_wconf 84' lang='lat' dir='ltr'>credi-</span> 
     </span>
     <span class='ocr_line' id='line_1_102' title="bbox 2205 3369 3818 3443; baseline 0.002 -17"><span class='ocrx_word' id='word_1_834' title='bbox 2205 3371 2416 3443; x_wconf 83' lang='lat' dir='ltr'>derunt,</span> <span class='ocrx_word' id='word_1_835' title='bbox 2453 3375 2496 3433; x_wconf 82' lang='lat' dir='ltr'>si</span> <span class='ocrx_word' id='word_1_836' title='bbox 2535 3373 2694 3429; x_wconf 63' lang='lat' dir='ltr'>molo</span> <span class='ocrx_word' id='word_1_837' title='bbox 2731 3388 2840 3429; x_wconf 89' lang='lat' dir='ltr'>non</span> <span class='ocrx_word' id='word_1_838' title='bbox 2874 3377 2942 3427; x_wconf 88' lang='lat' dir='ltr'>sit</span> <span class='ocrx_word' id='word_1_839' title='bbox 2983 3369 3128 3431; x_wconf 62' lang='lat' dir='ltr'>fafila</span> <span class='ocrx_word' id='word_1_840' title='bbox 3166 3374 3455 3431; x_wconf 87' lang='lat' dir='ltr'>immodica</span> <span class='ocrx_word' id='word_1_841' title='bbox 3488 3373 3733 3430; x_wconf 84' lang='lat' dir='ltr'>donatio</span> <span class='ocrx_word' id='word_1_842' title='bbox 3765 3380 3818 3431; x_wconf 88' lang='lat' dir='ltr'>in</span> 
     </span>
     <span class='ocr_line' id='line_1_103' title="bbox 2208 3437 3821 3509; baseline 0.005 -16"><span class='ocrx_word' id='word_1_843' title='bbox 2208 3437 2451 3499; x_wconf 86' lang='lat' dir='ltr'>fraudem</span> <span class='ocrx_word' id='word_1_844' title='bbox 2501 3444 2825 3499; x_wconf 85' lang='lat' dir='ltr'>creditorum</span> <span class='ocrx_word' id='word_1_845' title='bbox 2875 3441 3170 3503; x_wconf 87' lang='lat' dir='ltr'>donatione</span> <span class='ocrx_word' id='word_1_846' title='bbox 3204 3444 3574 3509; x_wconf 86' lang='lat' dir='ltr'>antiquiorum</span> <span class='ocrx_word' id='word_1_847' title='bbox 3600 3483 3617 3498; x_wconf 88' lang='lat'><strong>.</strong></span> <span class='ocrx_word' id='word_1_848' title='bbox 3676 3441 3821 3507; x_wconf 78' lang='lat' dir='ltr'>Nam</span> 
     </span>
     <span class='ocr_line' id='line_1_104' title="bbox 2202 3512 3821 3583; baseline 0.004 -19"><span class='ocrx_word' id='word_1_849' title='bbox 2202 3528 2345 3580; x_wconf 86' lang='lat' dir='ltr'>cum,</span> <span class='ocrx_word' id='word_1_850' title='bbox 2380 3512 2563 3568; x_wconf 81' lang='lat' dir='ltr'>liberis</span> <span class='ocrx_word' id='word_1_851' title='bbox 2602 3512 2796 3581; x_wconf 85' lang='lat' dir='ltr'>prioris</span> <span class='ocrx_word' id='word_1_852' title='bbox 2829 3516 3164 3572; x_wconf 80' lang='lat' dir='ltr'>matrimonii</span> <span class='ocrx_word' id='word_1_853' title='bbox 3188 3530 3293 3568; x_wconf 93' lang='lat' dir='ltr'>non</span> <span class='ocrx_word' id='word_1_854' title='bbox 3314 3512 3693 3583; x_wconf 80' lang='lat' dir='ltr'>existentibus,</span> <span class='ocrx_word' id='word_1_855' title='bbox 3725 3515 3821 3572; x_wconf 92' lang='lat' dir='ltr'>do-</span> 
     </span>
     <span class='ocr_line' id='line_1_105' title="bbox 2205 3577 3815 3667; baseline 0.002 -34"><span class='ocrx_word' id='word_1_856' title='bbox 2205 3593 2332 3634; x_wconf 85' lang='lat' dir='ltr'>nata</span> <span class='ocrx_word' id='word_1_857' title='bbox 2368 3600 2525 3651; x_wconf 80' lang='lat' dir='ltr'>penes</span> <span class='ocrx_word' id='word_1_858' title='bbox 2558 3581 2842 3648; x_wconf 79' lang='lat' dir='ltr'>secundam</span> <span class='ocrx_word' id='word_1_859' title='bbox 2878 3585 3201 3641; x_wconf 83' lang='lat' dir='ltr'>mansissent</span> <span class='ocrx_word' id='word_1_860' title='bbox 3236 3577 3541 3667; x_wconf 55' lang='lat' dir='ltr'>conjugem,</span> <span class='ocrx_word' id='word_1_861' title='bbox 3576 3602 3678 3645; x_wconf 72' lang='lat' dir='ltr'>nec</span> <span class='ocrx_word' id='word_1_862' title='bbox 3716 3601 3815 3643; x_wconf 80' lang='lat' dir='ltr'>un·</span> 
     </span>
     <span class='ocr_line' id='line_1_106' title="bbox 2203 3650 3818 3724; baseline 0.002 -20"><span class='ocrx_word' id='word_1_863' title='bbox 2203 3666 2359 3715; x_wconf 85' lang='lat' dir='ltr'>quam</span> <span class='ocrx_word' id='word_1_864' title='bbox 2394 3651 2465 3708; x_wconf 88' lang='lat' dir='ltr'>ad</span> <span class='ocrx_word' id='word_1_865' title='bbox 2496 3650 2755 3709; x_wconf 84' lang='lat' dir='ltr'>donantis</span> <span class='ocrx_word' id='word_1_866' title='bbox 2790 3650 3068 3708; x_wconf 84' lang='lat' dir='ltr'>rediissent</span> <span class='ocrx_word' id='word_1_867' title='bbox 3107 3650 3413 3717; x_wconf 74' lang='lat' dir='ltr'>creditores,</span> <span class='ocrx_word' id='word_1_868' title='bbox 3449 3654 3702 3724; x_wconf 75' lang='lat' dir='ltr'>iniquum</span> <span class='ocrx_word' id='word_1_869' title='bbox 3736 3673 3818 3712; x_wconf 73' lang='lat' dir='ltr'>es-</span> 
     </span>
     <span class='ocr_line' id='line_1_107' title="bbox 2200 3717 3821 3794; baseline 0.006 -20"><span class='ocrx_word' id='word_1_870' title='bbox 2200 3730 2299 3788; x_wconf 86' lang='lat' dir='ltr'>set,</span> <span class='ocrx_word' id='word_1_871' title='bbox 2336 3719 2413 3790; x_wconf 84' lang='lat' dir='ltr'>id,</span> <span class='ocrx_word' id='word_1_872' title='bbox 2447 3721 2588 3788; x_wconf 80' lang='lat' dir='ltr'>quod</span> <span class='ocrx_word' id='word_1_873' title='bbox 2626 3717 2915 3775; x_wconf 88' lang='lat' dir='ltr'>liberorum</span> <span class='ocrx_word' id='word_1_874' title='bbox 2951 3719 3137 3779; x_wconf 81' lang='lat' dir='ltr'>favore</span> <span class='ocrx_word' id='word_1_875' title='bbox 3170 3718 3386 3794; x_wconf 79' lang='lat' dir='ltr'>coniugi</span> <span class='ocrx_word' id='word_1_876' title='bbox 3421 3724 3664 3780; x_wconf 71' lang='lat' dir='ltr'>secundae</span> <span class='ocrx_word' id='word_1_877' title='bbox 3701 3724 3821 3783; x_wconf 64' lang='lat' dir='ltr'>edi-</span> 
     </span>
     <span class='ocr_line' id='line_1_108' title="bbox 2199 3789 3819 3863; baseline 0.004 -21"><span class='ocrx_word' id='word_1_878' title='bbox 2199 3790 2398 3863; x_wconf 81' lang='lat' dir='ltr'>mitur,</span> <span class='ocrx_word' id='word_1_879' title='bbox 2436 3808 2543 3846; x_wconf 88' lang='lat' dir='ltr'>non</span> <span class='ocrx_word' id='word_1_880' title='bbox 2583 3791 2639 3845; x_wconf 84' lang='lat' dir='ltr'>in</span> <span class='ocrx_word' id='word_1_881' title='bbox 2680 3789 2913 3856; x_wconf 83' lang='lat' dir='ltr'>ipsorum</span> <span class='ocrx_word' id='word_1_882' title='bbox 2972 3789 3301 3863; x_wconf 88' lang='lat' dir='ltr'>liberorum,</span> <span class='ocrx_word' id='word_1_883' title='bbox 3356 3792 3450 3848; x_wconf 85' lang='lat' dir='ltr'>sed</span> <span class='ocrx_word' id='word_1_884' title='bbox 3486 3792 3819 3852; x_wconf 83' lang='lat' dir='ltr'>creditorum</span> 
     </span>
     <span class='ocr_line' id='line_1_109' title="bbox 2197 3858 3821 3943; baseline 0.002 -32"><span class='ocrx_word' id='word_1_885' title='bbox 2197 3862 2443 3920; x_wconf 79' lang='lat' dir='ltr'>converti</span> <span class='ocrx_word' id='word_1_886' title='bbox 2480 3859 2802 3918; x_wconf 76' lang='lat' dir='ltr'>utilitatem:</span> <span class='ocrx_word' id='word_1_887' title='bbox 2838 3860 2927 3917; x_wconf 86' lang='lat' dir='ltr'>sed</span> <span class='ocrx_word' id='word_1_888' title='bbox 2962 3876 3152 3925; x_wconf 83' lang='lat' dir='ltr'>contra</span> <span class='ocrx_word' id='word_1_889' title='bbox 3166 3858 3385 3943; x_wconf 65' lang='lat' dir='ltr'>justum,</span> <span class='ocrx_word' id='word_1_890' title='bbox 3421 3860 3631 3917; x_wconf 83' lang='lat' dir='ltr'>lucrum</span> <span class='ocrx_word' id='word_1_891' title='bbox 3663 3862 3821 3935; x_wconf 82' lang='lat' dir='ltr'>illud,</span> 
     </span>
     <span class='ocr_line' id='line_1_110' title="bbox 2198 3928 3818 4005; baseline 0.001 -21"><span class='ocrx_word' id='word_1_892' title='bbox 2198 3928 2337 3995; x_wconf 86' lang='lat' dir='ltr'>quod</span> <span class='ocrx_word' id='word_1_893' title='bbox 2373 3929 2531 3985; x_wconf 84' lang='lat' dir='ltr'>alicui</span> <span class='ocrx_word' id='word_1_894' title='bbox 2568 3929 2809 4005; x_wconf 77' lang='lat' dir='ltr'>aufertur</span> <span class='ocrx_word' id='word_1_895' title='bbox 2831 3968 2848 3998; x_wconf 92' lang='lat'>,</span> <span class='ocrx_word' id='word_1_896' title='bbox 2885 3929 3139 3998; x_wconf 85' lang='lat' dir='ltr'>applicari</span> <span class='ocrx_word' id='word_1_897' title='bbox 3172 3934 3221 3987; x_wconf 89' lang='lat' dir='ltr'>ei</span> <span class='ocrx_word' id='word_1_898' title='bbox 3296 3948 3448 4001; x_wconf 66' lang='lat' dir='ltr'>culus</span> <span class='ocrx_word' id='word_1_899' title='bbox 3482 3946 3703 3989; x_wconf 83' lang='lat' dir='ltr'>contem</span> <span class='ocrx_word' id='word_1_900' title='bbox 3794 3964 3818 3975; x_wconf 89' lang='lat'>-</span> 
     </span>
     <span class='ocr_line' id='line_1_111' title="bbox 2198 3994 3835 4067; baseline 0.004 -14"><span class='ocrx_word' id='word_1_901' title='bbox 2198 3998 2345 4054; x_wconf 87' lang='lat' dir='ltr'>tione</span> <span class='ocrx_word' id='word_1_902' title='bbox 2381 3999 2623 4058; x_wconf 84' lang='lat' dir='ltr'>ablatum</span> <span class='ocrx_word' id='word_1_903' title='bbox 2658 4008 2757 4053; x_wconf 85' lang='lat' dir='ltr'>est.</span> <span class='ocrx_word' id='word_1_904' title='bbox 2799 3994 2878 4051; x_wconf 83' lang='lat' dir='ltr'>lta</span> <span class='ocrx_word' id='word_1_905' title='bbox 2915 4010 3031 4067; x_wconf 80' lang='lat' dir='ltr'>post</span> <span class='ocrx_word' id='word_1_906' title='bbox 3073 4002 3208 4059; x_wconf 76' lang='lat' dir='ltr'>Ant.</span> <span class='ocrx_word' id='word_1_907' title='bbox 3262 3999 3471 4058; x_wconf 65' lang='lat' dir='ltr'>&#39;abtum</span> <span class='ocrx_word' id='word_1_908' title='bbox 3509 4002 3565 4057; x_wconf 91' lang='lat' dir='ltr'>C.</span> <span class='ocrx_word' id='word_1_909' title='bbox 3589 4000 3675 4057; x_wconf 75' lang='lat' dir='ltr'>m.</span> <span class='ocrx_word' id='word_1_910' title='bbox 3745 4022 3835 4059; x_wconf 70' lang='lat' dir='ltr'>‚re</span> 
     </span>
    </p>
   </div>
   <div class='ocr_carea' id='block_1_7' title="bbox 636 4064 3821 4219">
    <p class='ocr_par' dir='ltr' id='par_1_11' title="bbox 636 4064 3821 4219">
     <span class='ocr_line' id='line_1_112' title="bbox 636 4064 3821 4192; baseline 0.003 -72"><span class='ocrx_word' id='word_1_911' title='bbox 636 4083 801 4192; x_wconf 59' lang='lat' dir='ltr'>guam</span> <span class='ocrx_word' id='word_1_912' title='bbox 835 4080 1027 4135; x_wconf 83' lang='lat' dir='ltr'>quarta</span> <span class='ocrx_word' id='word_1_913' title='bbox 1063 4064 1307 4125; x_wconf 80' lang='lat' dir='ltr'>Falcidia</span> <span class='ocrx_word' id='word_1_914' title='bbox 1342 4082 1435 4129; x_wconf 86' lang='lat' dir='ltr'>aut</span> <span class='ocrx_word' id='word_1_915' title='bbox 1472 4066 1892 4151; x_wconf 58' lang='lat' dir='ltr'>Trebellianica,</span> <span class='ocrx_word' id='word_1_916' title='bbox 1927 4065 2019 4124; x_wconf 91' lang='lat' dir='ltr'>ubi</span> <span class='ocrx_word' id='word_1_917' title='bbox 2056 4067 2138 4125; x_wconf 88' lang='lat' dir='ltr'>ul-</span> <span class='ocrx_word' id='word_1_918' title='bbox 2194 4066 2246 4123; x_wconf 89' lang='grc'>5.</span> <span class='ocrx_word' id='word_1_919' title='bbox 2283 4068 2441 4145; x_wconf 72' lang='lat' dir='ltr'>defin.</span> <span class='ocrx_word' id='word_1_920' title='bbox 2490 4088 2567 4126; x_wconf 87' lang='grc' dir='ltr'>ιι.</span> <span class='ocrx_word' id='word_1_921' title='bbox 2611 4067 2939 4126; x_wconf 70' lang='lat' dir='ltr'>Hodiernum</span> <span class='ocrx_word' id='word_1_922' title='bbox 2972 4068 3076 4152; x_wconf 57' lang='lat' dir='ltr'>Ad</span> <span class='ocrx_word' id='word_1_923' title='bbox 3102 4071 3137 4127; x_wconf 87' lang='lat' dir='ltr'>l.</span> <span class='ocrx_word' id='word_1_924' title='bbox 3182 4070 3280 4127; x_wconf 84' lang='lat' dir='ltr'>bac</span> <span class='ocrx_word' id='word_1_925' title='bbox 3317 4071 3539 4128; x_wconf 52' lang='lat' dir='ltr'>edmari</span> <span class='ocrx_word' id='word_1_926' title='bbox 3568 4071 3624 4128; x_wconf 88' lang='grc'><strong>6.</strong></span> <span class='ocrx_word' id='word_1_927' title='bbox 3661 4073 3725 4128; x_wconf 85' lang='lat' dir='ltr'>C.</span> <span class='ocrx_word' id='word_1_928' title='bbox 3756 4074 3821 4129; x_wconf 77' lang='lat' dir='ltr'>de</span> 
     </span>
     <span class='ocr_line' id='line_1_113' title="bbox 675 4132 3818 4219; baseline 0.003 -28"><span class='ocrx_word' id='word_1_929' title='bbox 675 4137 952 4191; x_wconf 87' lang='lat' dir='ltr'>odrantem</span> <span class='ocrx_word' id='word_1_930' title='bbox 989 4132 1209 4219; x_wconf 67' lang='lat' dir='ltr'>heredes¹</span> <span class='ocrx_word' id='word_1_931' title='bbox 1243 4134 1429 4209; x_wconf 84' lang='lat' dir='ltr'>legatis</span> <span class='ocrx_word' id='word_1_932' title='bbox 1447 4152 1539 4195; x_wconf 91' lang='lat' dir='ltr'>aut</span> <span class='ocrx_word' id='word_1_933' title='bbox 1579 4139 1997 4197; x_wconf 61' lang='lat' dir='ltr'>fideicommissis</span> <span class='ocrx_word' id='word_1_934' title='bbox 2015 4155 2136 4210; x_wconf 79' lang='lat' dir='ltr'>gra-</span> <span class='ocrx_word' id='word_1_935' title='bbox 2193 4138 2398 4195; x_wconf 76' lang='lat' dir='ltr'>secund.</span> <span class='ocrx_word' id='word_1_936' title='bbox 2439 4156 2580 4208; x_wconf 70' lang='lat' dir='ltr'>nups.</span> <span class='ocrx_word' id='word_1_937' title='bbox 2620 4153 2797 4211; x_wconf 72' lang='lat' dir='ltr'>quart.</span> <span class='ocrx_word' id='word_1_938' title='bbox 2828 4135 2912 4203; x_wconf 64' lang='lat'>48.</span> <span class='ocrx_word' id='word_1_939' title='bbox 2951 4134 3328 4196; x_wconf 61' lang='lat' dir='ltr'>fontanellam</span> <span class='ocrx_word' id='word_1_940' title='bbox 3361 4140 3428 4195; x_wconf 78' lang='lat' dir='ltr'>de</span> <span class='ocrx_word' id='word_1_941' title='bbox 3456 4143 3629 4207; x_wconf 61' lang='lat' dir='ltr'>potiit</span> <span class='ocrx_word' id='word_1_942' title='bbox 3660 4162 3818 4199; x_wconf 68' lang='lat' dir='ltr'>enre-</span> 
     </span>
    </p>
   </div>
   <div class='ocr_carea' id='block_1_8' title="bbox 520 4202 3819 4354">
    <p class='ocr_par' dir='ltr' id='par_1_12' title="bbox 520 4202 3819 4354">
     <span class='ocr_line' id='line_1_114' title="bbox 520 4202 3819 4283; baseline 0.003 -25"><span class='ocrx_word' id='word_1_943' title='bbox 520 4209 632 4260; x_wconf 85' lang='lat' dir='ltr'>vati</span> <span class='ocrx_word' id='word_1_944' title='bbox 665 4216 826 4275; x_wconf 57' lang='lat' dir='ltr'>sunt,</span> <span class='ocrx_word' id='word_1_945' title='bbox 847 4202 916 4261; x_wconf 84' lang='lat' dir='ltr'>D.</span> <span class='ocrx_word' id='word_1_946' title='bbox 953 4203 1069 4263; x_wconf 77' lang='lat' dir='ltr'>Joh.</span> <span class='ocrx_word' id='word_1_947' title='bbox 1105 4224 1137 4261; x_wconf 87' lang='lat' dir='ltr'>a</span> <span class='ocrx_word' id='word_1_948' title='bbox 1172 4212 1428 4269; x_wconf 67' lang='lat' dir='ltr'>bomeren</span> <span class='ocrx_word' id='word_1_949' title='bbox 1469 4207 1534 4261; x_wconf 80' lang='lat' dir='ltr'>de</span> <span class='ocrx_word' id='word_1_950' title='bbox 1564 4210 1686 4275; x_wconf 73' lang='lat' dir='ltr'>jure</span> <span class='ocrx_word' id='word_1_951' title='bbox 1722 4227 1984 4264; x_wconf 71' lang='lat' dir='ltr'>novet-car.</span> <span class='ocrx_word' id='word_1_952' title='bbox 2021 4222 2133 4277; x_wconf 67' lang='lat' dir='ltr'>cop.</span> <span class='ocrx_word' id='word_1_953' title='bbox 2183 4211 2514 4275; x_wconf 46' lang='lat' dir='ltr'>manucla-m.</span> <span class='ocrx_word' id='word_1_954' title='bbox 2537 4210 2586 4265; x_wconf 78' lang='lat'>5.</span> <span class='ocrx_word' id='word_1_955' title='bbox 2613 4203 2836 4283; x_wconf 66' lang='lat' dir='ltr'>glomii.</span> <span class='ocrx_word' id='word_1_956' title='bbox 2866 4220 2984 4275; x_wconf 76' lang='lat' dir='ltr'>par.</span> <span class='ocrx_word' id='word_1_957' title='bbox 2999 4207 3050 4278; x_wconf 73' lang='grc'><em>4</em></span> <span class='ocrx_word' id='word_1_958' title='bbox 3086 4228 3236 4267; x_wconf 80' lang='lat' dir='ltr'>num.</span> <span class='ocrx_word' id='word_1_959' title='bbox 3251 4211 3305 4269; x_wconf 88' lang='lat'>6.</span> <span class='ocrx_word' id='word_1_960' title='bbox 3341 4210 3596 4283; x_wconf 73' lang='lat' dir='ltr'>aliosque,</span> <span class='ocrx_word' id='word_1_961' title='bbox 3629 4210 3819 4271; x_wconf 71' lang='lat' dir='ltr'>Abra·</span> 
     </span>
     <span class='ocr_line' id='line_1_115' title="bbox 521 4272 3813 4354; baseline 0.003 -25"><span class='ocrx_word' id='word_1_962' title='bbox 521 4291 606 4343; x_wconf 75' lang='grc' dir='ltr'>ιι.</span> <span class='ocrx_word' id='word_1_963' title='bbox 644 4274 765 4329; x_wconf 68' lang='grc' dir='ltr'>κέλ</span> <span class='ocrx_word' id='word_1_964' title='bbox 802 4290 851 4328; x_wconf 93' lang='grc'>2.</span> <span class='ocrx_word' id='word_1_965' title='bbox 885 4294 1032 4331; x_wconf 82' lang='lat' dir='ltr'>num.</span> <span class='ocrx_word' id='word_1_966' title='bbox 1104 4321 1116 4334; x_wconf 90' lang='lat'><strong>.</strong></span> <span class='ocrx_word' id='word_1_967' title='bbox 1155 4274 1292 4333; x_wconf 88' lang='lat' dir='ltr'>Ant.</span> <span class='ocrx_word' id='word_1_968' title='bbox 1333 4272 1631 4334; x_wconf 69' lang='lat' dir='ltr'>Matthaeus</span> <span class='ocrx_word' id='word_1_969' title='bbox 1681 4276 1870 4346; x_wconf 69' lang='lat' dir='ltr'>disput.</span> <span class='ocrx_word' id='word_1_970' title='bbox 1918 4277 2134 4334; x_wconf 70' lang='lat' dir='ltr'>relella-</span> <span class='ocrx_word' id='word_1_971' title='bbox 2190 4276 2377 4335; x_wconf 88' lang='lat' dir='ltr'>hamus</span> <span class='ocrx_word' id='word_1_972' title='bbox 2412 4297 2443 4334; x_wconf 92' lang='lat' dir='ltr'>a</span> <span class='ocrx_word' id='word_1_973' title='bbox 2482 4276 2678 4336; x_wconf 71' lang='lat' dir='ltr'>We=el</span> <span class='ocrx_word' id='word_1_974' title='bbox 2713 4275 2793 4331; x_wconf 84' lang='lat' dir='ltr'>od</span> <span class='ocrx_word' id='word_1_975' title='bbox 2818 4279 2983 4334; x_wconf 73' lang='lat' dir='ltr'>novel.</span> <span class='ocrx_word' id='word_1_976' title='bbox 3005 4284 3208 4338; x_wconf 78' lang='lat' dir='ltr'>constit.</span> <span class='ocrx_word' id='word_1_977' title='bbox 3248 4280 3528 4354; x_wconf 61' lang='lat' dir='ltr'>Ultrajeci.</span> <span class='ocrx_word' id='word_1_978' title='bbox 3573 4300 3687 4339; x_wconf 75' lang='lat' dir='ltr'>art.</span> <span class='ocrx_word' id='word_1_979' title='bbox 3735 4302 3813 4342; x_wconf 85' lang='lat' dir='ltr'>to.</span> 
     </span>
    </p>
   </div>
   <div class='ocr_carea' id='block_1_9' title="bbox 505 4339 2131 4843">
    <p class='ocr_par' dir='ltr' id='par_1_13' title="bbox 505 4339 2131 4843">
     <span class='ocr_line' id='line_1_116' title="bbox 514 4339 2131 4416; baseline 0.001 -17"><span class='ocrx_word' id='word_1_980' title='bbox 514 4364 635 4400; x_wconf 82' lang='lat' dir='ltr'>rum</span> <span class='ocrx_word' id='word_1_981' title='bbox 672 4339 722 4397; x_wconf 81' lang='grc'>5.</span> <span class='ocrx_word' id='word_1_982' title='bbox 758 4342 840 4399; x_wconf 78' lang='lat' dir='ltr'>ad</span> <span class='ocrx_word' id='word_1_983' title='bbox 866 4345 901 4400; x_wconf 87' lang='lat' dir='ltr'>l.</span> <span class='ocrx_word' id='word_1_984' title='bbox 945 4342 1025 4411; x_wconf 70' lang='lat'>¹4·</span> <span class='ocrx_word' id='word_1_985' title='bbox 1104 4385 1117 4400; x_wconf 87' lang='lat'><strong>.</strong></span> <span class='ocrx_word' id='word_1_986' title='bbox 1154 4345 1217 4400; x_wconf 85' lang='lat' dir='ltr'>de</span> <span class='ocrx_word' id='word_1_987' title='bbox 1253 4348 1330 4402; x_wconf 81' lang='lat' dir='ltr'>rei</span> <span class='ocrx_word' id='word_1_988' title='bbox 1362 4347 1555 4404; x_wconf 80' lang='lat' dir='ltr'>vindic.</span> <span class='ocrx_word' id='word_1_989' title='bbox 1579 4344 1714 4403; x_wconf 73' lang='lat' dir='ltr'>theri</span> <span class='ocrx_word' id='word_1_990' title='bbox 1755 4357 1834 4416; x_wconf 89' lang='grc' dir='ltr'>ι9.</span> <span class='ocrx_word' id='word_1_991' title='bbox 1872 4348 2131 4407; x_wconf 79' lang='lat' dir='ltr'>Wissen-</span> 
     </span>
     <span class='ocr_line' id='line_1_117' title="bbox 513 4411 2131 4487; baseline 0.004 -20"><span class='ocrx_word' id='word_1_992' title='bbox 513 4411 652 4471; x_wconf 81' lang='lat' dir='ltr'>bach</span> <span class='ocrx_word' id='word_1_993' title='bbox 688 4413 769 4468; x_wconf 76' lang='lat' dir='ltr'>ad</span> <span class='ocrx_word' id='word_1_994' title='bbox 794 4411 850 4469; x_wconf 84' lang='lat' dir='ltr'>d.</span> <span class='ocrx_word' id='word_1_995' title='bbox 884 4414 920 4472; x_wconf 90' lang='lat' dir='ltr'>l.</span> <span class='ocrx_word' id='word_1_996' title='bbox 963 4412 1044 4483; x_wconf 75' lang='grc'>14.</span> <span class='ocrx_word' id='word_1_997' title='bbox 1085 4438 1090 4445; x_wconf 75' lang='grc'><strong><em>’</em></strong></span> <span class='ocrx_word' id='word_1_998' title='bbox 1120 4455 1134 4470; x_wconf 98' lang='grc'>.</span> <span class='ocrx_word' id='word_1_999' title='bbox 1173 4413 1235 4468; x_wconf 80' lang='lat' dir='ltr'>de</span> <span class='ocrx_word' id='word_1_1000' title='bbox 1270 4416 1346 4470; x_wconf 80' lang='lat' dir='ltr'>rei</span> <span class='ocrx_word' id='word_1_1001' title='bbox 1381 4414 1633 4472; x_wconf 69' lang='lat' dir='ltr'>vindicat.</span> <span class='ocrx_word' id='word_1_1002' title='bbox 1671 4419 1726 4473; x_wconf 76' lang='lat' dir='ltr'>in</span> <span class='ocrx_word' id='word_1_1003' title='bbox 1745 4419 1881 4487; x_wconf 83' lang='lat' dir='ltr'>fine.</span> <span class='ocrx_word' id='word_1_1004' title='bbox 1934 4416 2131 4479; x_wconf 81' lang='lat' dir='ltr'>Wesel</span> 
     </span>
     <span class='ocr_line' id='line_1_118' title="bbox 513 4483 2128 4563; baseline 0.003 -25"><span class='ocrx_word' id='word_1_1005' title='bbox 513 4483 592 4538; x_wconf 74' lang='lat' dir='ltr'>ad</span> <span class='ocrx_word' id='word_1_1006' title='bbox 618 4484 843 4541; x_wconf 77' lang='lat' dir='ltr'>novellas</span> <span class='ocrx_word' id='word_1_1007' title='bbox 878 4488 1077 4541; x_wconf 70' lang='lat' dir='ltr'>counit.</span> <span class='ocrx_word' id='word_1_1008' title='bbox 1115 4484 1390 4563; x_wconf 67' lang='lat' dir='ltr'>Ultrqiell.</span> <span class='ocrx_word' id='word_1_1009' title='bbox 1426 4505 1531 4540; x_wconf 73' lang='lat' dir='ltr'>art.</span> <span class='ocrx_word' id='word_1_1010' title='bbox 1577 4503 1656 4541; x_wconf 88' lang='grc' dir='ltr'>ιι.</span> <span class='ocrx_word' id='word_1_1011' title='bbox 1712 4506 1859 4549; x_wconf 83' lang='lat' dir='ltr'>num,</span> <span class='ocrx_word' id='word_1_1012' title='bbox 1904 4500 2020 4558; x_wconf 83' lang='lat'>109.</span> <span class='ocrx_word' id='word_1_1013' title='bbox 2055 4484 2128 4543; x_wconf 78' lang='lat' dir='ltr'>Et</span> 
     </span>
     <span class='ocr_line' id='line_1_119' title="bbox 513 4553 2126 4626; baseline 0.001 -17"><span class='ocrx_word' id='word_1_1014' title='bbox 513 4560 753 4626; x_wconf 81' lang='lat' dir='ltr'>quamvis</span> <span class='ocrx_word' id='word_1_1015' title='bbox 789 4571 972 4611; x_wconf 88' lang='lat' dir='ltr'>verum</span> <span class='ocrx_word' id='word_1_1016' title='bbox 1007 4553 1097 4619; x_wconf 88' lang='lat' dir='ltr'>sit,</span> <span class='ocrx_word' id='word_1_1017' title='bbox 1129 4570 1244 4623; x_wconf 71' lang='lat' dir='ltr'>jure</span> <span class='ocrx_word' id='word_1_1018' title='bbox 1279 4572 1423 4610; x_wconf 88' lang='lat' dir='ltr'>novo</span> <span class='ocrx_word' id='word_1_1019' title='bbox 1458 4567 1767 4612; x_wconf 86' lang='lat' dir='ltr'>testatorem</span> <span class='ocrx_word' id='word_1_1020' title='bbox 1801 4557 2126 4612; x_wconf 86' lang='lat' dir='ltr'>nominatim</span> 
     </span>
     <span class='ocr_line' id='line_1_120' title="bbox 512 4620 2126 4693; baseline 0.001 -14"><span class='ocrx_word' id='word_1_1021' title='bbox 512 4621 788 4693; x_wconf 89' lang='lat' dir='ltr'>prohibete</span> <span class='ocrx_word' id='word_1_1022' title='bbox 823 4642 975 4692; x_wconf 84' lang='lat' dir='ltr'>posse</span> <span class='ocrx_word' id='word_1_1023' title='bbox 1011 4620 1260 4681; x_wconf 67' lang='lat' dir='ltr'>Falcidia</span> <span class='ocrx_word' id='word_1_1024' title='bbox 1295 4640 1359 4678; x_wconf 88' lang='lat' dir='ltr'>ac</span> <span class='ocrx_word' id='word_1_1025' title='bbox 1395 4621 1800 4682; x_wconf 70' lang='lat' dir='ltr'>Trebellianicae</span> <span class='ocrx_word' id='word_1_1026' title='bbox 1834 4626 2126 4683; x_wconf 83' lang='lat' dir='ltr'>detractio-</span> 
     </span>
     <span class='ocr_line' id='line_1_121' title="bbox 513 4688 2124 4765; baseline 0 -16"><span class='ocrx_word' id='word_1_1027' title='bbox 513 4711 636 4751; x_wconf 79' lang='lat' dir='ltr'>nem</span> <span class='ocrx_word' id='word_1_1028' title='bbox 692 4707 851 4765; x_wconf 86' lang='lat' dir='ltr'>atque</span> <span class='ocrx_word' id='word_1_1029' title='bbox 884 4699 1047 4751; x_wconf 86' lang='lat' dir='ltr'>etiam</span> <span class='ocrx_word' id='word_1_1030' title='bbox 1081 4693 1273 4762; x_wconf 85' lang='lat' dir='ltr'>pacisci</span> <span class='ocrx_word' id='word_1_1031' title='bbox 1308 4709 1432 4751; x_wconf 84' lang='lat' dir='ltr'>cum</span> <span class='ocrx_word' id='word_1_1032' title='bbox 1464 4691 1655 4751; x_wconf 86' lang='lat' dir='ltr'>herede</span> <span class='ocrx_word' id='word_1_1033' title='bbox 1691 4688 1909 4765; x_wconf 81' lang='lat' dir='ltr'>future,</span> <span class='ocrx_word' id='word_1_1034' title='bbox 1947 4714 2015 4757; x_wconf 86' lang='lat' dir='ltr'>ne</span> <span class='ocrx_word' id='word_1_1035' title='bbox 2050 4693 2124 4757; x_wconf 81' lang='lat' dir='ltr'>le·</span> 
     </span>
     <span class='ocr_line' id='line_1_122' title="bbox 505 4734 2123 4843; baseline 0.001 -21"><span class='ocrx_word' id='word_1_1036' title='bbox 505 4768 587 4843; x_wconf 78' lang='lat' dir='ltr'>gis</span> <span class='ocrx_word' id='word_1_1037' title='bbox 623 4734 872 4823; x_wconf 56' lang='lat' dir='ltr'>ll&#39;alcidiae</span> <span class='ocrx_word' id='word_1_1038' title='bbox 909 4759 1163 4825; x_wconf 79' lang='lat' dir='ltr'>beneficio</span> <span class='ocrx_word' id='word_1_1039' title='bbox 1196 4775 1399 4834; x_wconf 85' lang='lat' dir='ltr'>utatur,</span> <span class='ocrx_word' id='word_1_1040' title='bbox 1435 4764 1617 4823; x_wconf 82' lang='lat' dir='ltr'>novell.</span> <span class='ocrx_word' id='word_1_1041' title='bbox 1663 4783 1711 4827; x_wconf 86' lang='grc' dir='ltr'>ι.</span> <span class='ocrx_word' id='word_1_1042' title='bbox 1747 4780 1859 4841; x_wconf 80' lang='lat' dir='ltr'>cap.</span> <span class='ocrx_word' id='word_1_1043' title='bbox 1896 4766 2015 4829; x_wconf 75' lang='lat' dir='ltr'>binc</span> <span class='ocrx_word' id='word_1_1044' title='bbox 2034 4786 2123 4823; x_wconf 78' lang='lat' dir='ltr'>no-</span> 
     </span>
    </p>
   </div>
   <div class='ocr_carea' id='block_1_10' title="bbox 2181 4364 3813 4842">
    <p class='ocr_par' dir='ltr' id='par_1_14' title="bbox 2187 4364 2458 4405">
     <span class='ocr_line' id='line_1_123' title="bbox 2187 4364 2458 4405; baseline -0.011 0"><span class='ocrx_word' id='word_1_1045' title='bbox 2187 4369 2335 4405; x_wconf 83' lang='lat' dir='ltr'>num.</span> <span class='ocrx_word' id='word_1_1046' title='bbox 2412 4364 2458 4402; x_wconf 87' lang='lat'>2.</span> 
     </span>
    </p>

    <p class='ocr_par' dir='ltr' id='par_1_15' title="bbox 2181 4365 3813 4842">
     <span class='ocr_line' id='line_1_124' title="bbox 2263 4365 3813 4489; baseline 0.005 -17"><span class='ocrx_word' id='word_1_1047' title='bbox 2263 4365 2593 4487; x_wconf 70' lang='lat' dir='ltr'>114.7Simm</span> <span class='ocrx_word' id='word_1_1048' title='bbox 2631 4421 2792 4479; x_wconf 83' lang='lat' dir='ltr'>modo</span> <span class='ocrx_word' id='word_1_1049' title='bbox 2844 4415 3027 4480; x_wconf 77' lang='lat' dir='ltr'>liberis</span> <span class='ocrx_word' id='word_1_1050' title='bbox 3064 4419 3257 4489; x_wconf 84' lang='lat' dir='ltr'>prioris</span> <span class='ocrx_word' id='word_1_1051' title='bbox 3309 4420 3456 4477; x_wconf 86' lang='lat' dir='ltr'>thori</span> <span class='ocrx_word' id='word_1_1052' title='bbox 3497 4420 3813 4485; x_wconf 71' lang='lat' dir='ltr'>nociturum</span> 
     </span>
     <span class='ocr_line' id='line_1_125' title="bbox 2187 4487 3813 4563; baseline 0.003 -20"><span class='ocrx_word' id='word_1_1053' title='bbox 2187 4504 2295 4544; x_wconf 88' lang='lat' dir='ltr'>non</span> <span class='ocrx_word' id='word_1_1054' title='bbox 2334 4500 2449 4560; x_wconf 72' lang='lat' dir='ltr'>est,</span> <span class='ocrx_word' id='word_1_1055' title='bbox 2487 4487 2631 4556; x_wconf 82' lang='lat' dir='ltr'>quod</span> <span class='ocrx_word' id='word_1_1056' title='bbox 2664 4487 2890 4563; x_wconf 76' lang='lat' dir='ltr'>conjux,</span> <span class='ocrx_word' id='word_1_1057' title='bbox 2926 4493 3013 4544; x_wconf 89' lang='lat' dir='ltr'>cui</span> <span class='ocrx_word' id='word_1_1058' title='bbox 3051 4488 3166 4557; x_wconf 84' lang='lat' dir='ltr'>plus</span> <span class='ocrx_word' id='word_1_1059' title='bbox 3202 4490 3474 4563; x_wconf 88' lang='lat' dir='ltr'>legatum,</span> <span class='ocrx_word' id='word_1_1060' title='bbox 3514 4506 3609 4548; x_wconf 86' lang='lat' dir='ltr'>aut</span> <span class='ocrx_word' id='word_1_1061' title='bbox 3644 4496 3813 4551; x_wconf 82' lang='lat' dir='ltr'>titulo</span> 
     </span>
     <span class='ocr_line' id='line_1_126' title="bbox 2186 4554 3811 4635; baseline 0.007 -23"><span class='ocrx_word' id='word_1_1062' title='bbox 2186 4557 2544 4616; x_wconf 80' lang='lat' dir='ltr'>institutionis</span> <span class='ocrx_word' id='word_1_1063' title='bbox 2580 4554 2821 4617; x_wconf 67' lang='lat' dir='ltr'>rentium</span> <span class='ocrx_word' id='word_1_1064' title='bbox 2857 4570 2953 4629; x_wconf 71' lang='lat' dir='ltr'>est,</span> <span class='ocrx_word' id='word_1_1065' title='bbox 2990 4572 3148 4628; x_wconf 85' lang='lat' dir='ltr'>quam</span> <span class='ocrx_word' id='word_1_1066' title='bbox 3185 4578 3275 4628; x_wconf 89' lang='lat' dir='ltr'>per</span> <span class='ocrx_word' id='word_1_1067' title='bbox 3310 4560 3480 4635; x_wconf 84' lang='lat' dir='ltr'>legem</span> <span class='ocrx_word' id='word_1_1068' title='bbox 3522 4560 3681 4633; x_wconf 87' lang='lat' dir='ltr'>licet,</span> <span class='ocrx_word' id='word_1_1069' title='bbox 3722 4585 3811 4623; x_wconf 86' lang='lat' dir='ltr'>rc-</span> 
     </span>
     <span class='ocr_line' id='line_1_127' title="bbox 2184 4624 3813 4700; baseline 0.004 -19"><span class='ocrx_word' id='word_1_1070' title='bbox 2184 4624 2308 4683; x_wconf 65' lang='lat' dir='ltr'>litia</span> <span class='ocrx_word' id='word_1_1071' title='bbox 2346 4629 2605 4697; x_wconf 82' lang='lat' dir='ltr'>repudiet,</span> <span class='ocrx_word' id='word_1_1072' title='bbox 2638 4641 2698 4685; x_wconf 90' lang='lat' dir='ltr'>ut</span> <span class='ocrx_word' id='word_1_1073' title='bbox 2737 4628 2827 4685; x_wconf 84' lang='lat' dir='ltr'>illa</span> <span class='ocrx_word' id='word_1_1074' title='bbox 2851 4645 3103 4700; x_wconf 85' lang='lat' dir='ltr'>tanquam</span> <span class='ocrx_word' id='word_1_1075' title='bbox 3135 4632 3334 4688; x_wconf 76' lang='lat' dir='ltr'>caduca</span> <span class='ocrx_word' id='word_1_1076' title='bbox 3375 4632 3458 4691; x_wconf 80' lang='lat' dir='ltr'>vel</span> <span class='ocrx_word' id='word_1_1077' title='bbox 3492 4635 3635 4700; x_wconf 80' lang='lat' dir='ltr'>apud</span> <span class='ocrx_word' id='word_1_1078' title='bbox 3668 4633 3813 4692; x_wconf 73' lang='lat' dir='ltr'>libe·</span> 
     </span>
     <span class='ocr_line' id='line_1_128' title="bbox 2183 4694 3808 4771; baseline 0.006 -21"><span class='ocrx_word' id='word_1_1079' title='bbox 2183 4714 2268 4751; x_wconf 88' lang='lat' dir='ltr'>ros</span> <span class='ocrx_word' id='word_1_1080' title='bbox 2303 4698 2520 4757; x_wconf 83' lang='lat' dir='ltr'>secundi</span> <span class='ocrx_word' id='word_1_1081' title='bbox 2554 4699 2896 4757; x_wconf 86' lang='lat' dir='ltr'>matrimonii</span> <span class='ocrx_word' id='word_1_1082' title='bbox 2919 4741 2934 4768; x_wconf 91' lang='lat'>,</span> <span class='ocrx_word' id='word_1_1083' title='bbox 2973 4694 3110 4755; x_wconf 84' lang='lat' dir='ltr'>forte</span> <span class='ocrx_word' id='word_1_1084' title='bbox 3145 4706 3383 4758; x_wconf 85' lang='lat' dir='ltr'>maxima</span> <span class='ocrx_word' id='word_1_1085' title='bbox 3421 4720 3493 4760; x_wconf 73' lang='lat' dir='ltr'>ex</span> <span class='ocrx_word' id='word_1_1086' title='bbox 3530 4716 3679 4771; x_wconf 81' lang='lat' dir='ltr'>parte</span> <span class='ocrx_word' id='word_1_1087' title='bbox 3718 4712 3808 4760; x_wconf 83' lang='lat' dir='ltr'>ln-</span> 
     </span>
     <span class='ocr_line' id='line_1_129' title="bbox 2181 4766 3808 4842; baseline 0.004 -20"><span class='ocrx_word' id='word_1_1088' title='bbox 2181 4767 2424 4842; x_wconf 71' lang='lat' dir='ltr'>stitutos,</span> <span class='ocrx_word' id='word_1_1089' title='bbox 2461 4766 2544 4831; x_wconf 85' lang='lat' dir='ltr'>vel</span> <span class='ocrx_word' id='word_1_1090' title='bbox 2562 4768 2701 4838; x_wconf 86' lang='lat' dir='ltr'>apud</span> <span class='ocrx_word' id='word_1_1091' title='bbox 2739 4767 2955 4834; x_wconf 84' lang='lat' dir='ltr'>heredes</span> <span class='ocrx_word' id='word_1_1092' title='bbox 2971 4780 3253 4833; x_wconf 79' lang='lat' dir='ltr'>extraneos</span> <span class='ocrx_word' id='word_1_1093' title='bbox 3270 4785 3642 4842; x_wconf 77' lang='lat' dir='ltr'>remanerent3</span> <span class='ocrx_word' id='word_1_1094' title='bbox 3672 4791 3808 4834; x_wconf 84' lang='lat' dir='ltr'>cum</span> 
     </span>
    </p>
   </div>
  </div>
 </body>
</html>
