3971 5383
677 184 774 274 43

1805 193 1945 263 Lib.
1991 191 2242 264 XXIII.
2292 193 2418 264 Tit.
2470 193 2573 261 tt..

583 297 711 341 nem
745 287 854 340 suis
887 285 1112 343 statutis
1142 277 1310 345 tribui
1346 285 1505 348 sicile
1540 288 1848 360 patiantur,
1916 306 2042 345 uam
2073 288 2209 345 alio-
2266 288 2562 361 utentibus,
2599 282 2900 345 immobilia
2934 275 3180 342 intestati
3212 273 3452 344 defuncti
3481 272 3690 355 dispersa
3703 293 3815 365 m,

586 370 706 412 rum
742 353 980 412 locorum
1016 356 1340 429 legislatores
1387 363 1493 418 suis
1529 358 1734 431 legibus
1784 377 1885 415 oon
1928 361 2022 416 itis
2068 376 2208 416 asse-

579 436 729 506 runt,
764 439 925 493 atque
940 426 1091 495 ade0,
1127 427 1255 485 licet
1289 427 1459 486 reales
1493 433 1576 486 sui
1607 435 1794 488 statuti
1810 426 2027 488 effectus
2060 429 2206 485 ultra

585 497 920 552 territorium
954 513 1107 552 suum
1142 503 1410 568 porrigere
1466 513 1773 571 nequeant.)
1822 510 2008 556 tamen
2030 540 2049 569 ,
2081 505 2206 571 quia

581 563 887 632 personales
923 580 1141 633 possunt
1162 607 1180 636 ,
1214 584 1277 622 ac
1312 574 1485 638 rogati
1520 571 1587 627 de
1620 572 1703 625 sui
1736 572 1928 626 statuti
1962 570 2168 626 viribus
2188 609 2206 639 ,

572 633 774 692 similia
809 638 1224 704 Antwerpiensi
1256 650 1461 694 statuto
1494 639 1677 707 procul
1708 638 1875 696 dubio
1905 644 2205 708 responsuri

571 717 770 771 essent,
801 720 1087 773 eorumque
1121 709 1460 773 potissimum
1475 721 1578 779 est,
1611 726 1830 765 suorum
1845 707 2202 777 subjectorum

572 785 725 830 actus
758 791 934 845 regere
969 793 1033 831 ac
1068 779 1433 845 interpretari3
1466 789 1797 850 consequens
1829 790 1934 850 est,
1969 784 2104 846 ipsos
2118 792 2204 835 et-

573 846 682 898 iam
718 843 954 909 pactioni
991 846 1169 903 tacita
1198 864 1415 904 suorum
1449 846 1826 919 subjectorum,
1839 854 1960 905 sine
1993 864 2201 917 expres·

570 916 641 968 sis
676 917 843 982 pactis
876 913 1150 971 dotalibus
1183 920 1241 971 in
1279 922 1492 987 nuptias
1524 922 1856 988 coeuntium,
1890 915 2203 974 hancmen·

571 995 682 1040 tem
717 978 1049 1052 tributuros,
1087 998 1146 1041 ut
1183 984 1276 1039 illa
1312 988 1491 1054 pactio
1523 1003 1633 1045 sese
1665 1002 1928 1056 quantum
1972 986 2045 1043 ad
2076 982 2200 1044 effi-

571 1064 690 1108 ctus
724 1053 1026 1121 personales
1060 1053 1130 1110 ad
1163 1057 1348 1110 omnia
1381 1058 1637 1114 extendat
1689 1056 1976 1128 conjugum
2015 1056 2158 1114 bona
2178 1098 2197 1129 ‚

566 1125 735 1177 etiam
773 1122 1072 1178 immobilia
1106 1122 1242 1179 alibi
1257 1129 1380 1182 sita.
1417 1123 1514 1196 lilt,
1549 1124 1760 1186 utihaec
1784 1124 2074 1196 probabilis
2088 1141 2200 1183 sta·

571 1193 847 1252 tuentium
882 1192 1117 1250 intentio
1133 1207 1232 1263 est,
1268 1199 1343 1249 ita
1363 1213 1569 1268 quoque
1589 1202 1817 1266 ipsorum
1837 1198 2052 1265 nuptias
2066 1213 2200 1252 con-

565 1261 901 1319 trahentium
932 1265 1138 1320 censeri
1171 1261 1334 1322 debet
1352 1284 1378 1330 ,·
1429 1269 1618 1337 quippe
1651 1269 1742 1335 qui
1796 1270 2024 1325 scientes
2071 1263 2199 1338 (vel

570 1329 729 1389 facile
761 1330 948 1388 saltem
983 1334 1119 1389 scire
1157 1333 1397 1392 valentes
1486 1352 1551 1391 ac
1584 1354 1698 1394 non
1735 1339 1838 1394 nisi
1887 1337 2197 1409 ignorantia

563 1403 761 1470 supina
800 1399 1135 1474 nescientes)
1170 1416 1375 1461 statuta
1409 1374 1556 1477 loci,
1608 1409 1667 1463 in
1701 1425 1809 1480 quo
1858 1405 2198 1463 domicilium

573 1466 782 1541 fovent,
817 1470 904 1529 vel
937 1473 1007 1531 ad
1041 1490 1197 1540 quem
1217 1492 1304 1542 per
1343 1476 1557 1543 nuptias
1593 1474 1740 1534 velut
1759 1478 1828 1536 ad
1861 1475 2197 1534 domicilium

572 1543 857 1621 transituri
890 1554 1056 1613 sunt,
1088 1544 1399 1614 ignorantes
1432 1557 1620 1602 autem
1673 1563 1786 1603 non
1838 1548 2069 1614 supina,
2102 1547 2196 1605 sed

569 1612 855 1680 pustissima
876 1616 1204 1683 ignorantia,
1237 1614 1409 1671 etiam
1445 1616 1574 1671 viris
1590 1612 1723 1684 juris
1756 1617 2196 1686 peritissimisex·

573 1696 781 1753 cusata,
815 1687 1033 1749 quinam
1070 1686 1127 1738 in
1163 1683 1387 1756 singulis
1423 1682 1553 1741 locis
1572 1685 1713 1756 aliis,
1743 1704 1835 1755 per
1869 1704 1985 1757 qua
2004 1692 2194 1750 nnun-

573 1748 712 1808 bilia
746 1764 966 1821 possunt
999 1752 1231 1819 dispersa
1250 1772 1379 1825 esse,
1410 1750 1628 1814 effictus
1660 1757 2016 1814 matrimonio
2031 1761 2194 1813 etiarn

572 1823 717 1877 circa
752 1820 1042 1877 admissam
1076 1833 1171 1879 aut
1190 1823 1456 1882 exclusam
1478 1822 1742 1884 bonorum
1759 1831 2194 1883 communionem

571 1889 902 1960 tribuantur,
936 1891 1186 1949 credendi
1205 1907 1327 1950 sunt
1351 1899 1408 1949 in
1444 1900 1794 1953 matrimonio
1819 1893 2196 1955 contrahendo

565 1973 740 2020 certos
775 1964 948 2029 potius
982 1960 1187 2031 sibique
1215 1977 1390 2033 notos,
1422 1968 1477 2023 δι
1513 1965 1806 2024 uniformes
1821 1966 2195 2034 comprobasse

485 2079 510 2102 χ
569 2031 876 2099 nuptiarum
910 2026 1148 2102 effectus,
1180 2049 1339 2100 quam
1373 2035 1632 2108 incertos,
1669 2052 1833 2108 vagos
1862 2036 2201 2112 multumque

569 2102 868 2171 variantes,
902 2117 968 2157 ac
1003 2101 1111 2157 sibi
1144 2102 1378 2174 ignotos,
1412 2122 1510 2164 nec
1546 2111 1649 2163 nisi
1684 2123 2025 2179 cummagno
2057 2121 2195 2165 tem·

549 2175 713 2244 poris
745 2168 904 2227 simul
937 2173 994 2230 &r
1014 2179 1246 2241 pecuniae
1280 2173 1560 2240 dispendio
1575 2190 1825 2236 accurate
1844 2179 2193 2247 indagandos.

569 2239 952 2298 consentimus
987 2245 1171 2310 utique
1201 2243 1459 2299 ordinato
1486 2261 1751 2304 consensu
1788 2249 1847 2303 in
1884 2259 2048 2313 nota,
2083 2255 2194 2303 non

567 2311 628 2364 in
665 2315 850 2382 ignota
874 2351 889 2378 ,
923 2328 1152 2380 quorum
1184 2312 1496 2383 ignotorum
1527 2316 1612 2376 uti
1647 2315 1800 2374 nulla
1847 2318 2047 2387 cupido
2076 2328 2157 2375 est
2178 2359 2196 2389 ,

567 2381 648 2435 ita
684 2399 782 2438 nec
798 2381 1169 2451 comprobatio
1185 2385 1315 2440 satis
1328 2383 1584 2444 ordinata
1604 2387 1839 2462 intelligi
1856 2400 2049 2466 potest.
2070 2385 2194 2445 Fir·

567 2463 866 2533 maturque·
888 2448 1003 2507 haec
1037 2453 1057 2505 i
1184 2448 1475 2526 coniugum
1508 2456 1749 2515 intentio
1803 2474 1872 2518 ex
1907 2476 2009 2531 ee,
2052 2459 2194 2534 quod

568 2537 677 2590 Jam
695 2537 930 2590 superius
962 2521 1031 2579 ad
1072 2538 1254 2580 uctum
1272 2535 1372 2593 est,
1406 2542 1596 2596 nempe
1626 2529 1673 2582 si
1695 2546 1805 2586 non
1841 2530 2194 2601 pateat,quid

570 2594 716 2646 inter
749 2589 1134 2652 contrahentes
1165 2606 1348 2649 actum
1382 2595 1451 2654 sit
1473 2635 1493 2667 ,
1525 2608 1658 2655 tunc
1690 2614 2013 2671 consequens
2044 2619 2156 2658 esse
2175 2640 2194 2670 ,

569 2673 633 2718 ut
667 2677 970 2733 sequamur,
1002 2662 1149 2735 quod
1183 2664 1240 2720 in
1259 2668 1499 2739 regione,
1532 2670 1714 2737 inqua
1748 2683 1930 2730 actum
1945 2684 2048 2743 est,
2085 2666 2192 2729 fre-

569 2747 765 2815 quenta
775 2746 880 2804 tur,
915 2733 951 2789 l,
988 2749 1186 2803 semper
1218 2737 1276 2791 in
1310 2738 1728 2805 stipulationibus
1746 2736 1837 2808 54.
1868 2738 1934 2811 ff
1970 2740 2037 2797 de
2064 2744 2188 2815 Reg.

561 2824 686 2877 yur.
721 2798 1186 2875 Quemadmodum
1213 2809 1381 2863 etiam
1415 2809 2023 2885 proeademoonjugum
2040 2829 2190 2869 men-

572 2894 626 2931 te
661 2884 1038 2944 argumentum
1072 2875 1132 2929 in
1166 2892 1234 2933 eo
1261 2888 1367 2945 est,
1393 2876 1563 3000 juod,
1596 2881 1817 2953 quando
1847 2896 2073 2943 testatoe
2106 2886 2190 2938 in-

566 2945 747 3001 stituit
785 2956 1108 3003 testamento
1141 2962 1240 3001 suo
1275 2944 1395 3001 bere
1429 2966 1483 3001 er
1519 2967 1636 3005 mor
1670 2948 1742 3006 ab
1773 2955 2045 3024 intonato,
2079 2970 2190 3010 non

575 3012 908 3085 intelligatur
944 3016 1227 3079 respexisse
1261 3014 1332 3071 ad
1349 3028 1554 3078 statuta
1586 3018 1922 3094 singulorum
1949 3021 2192 3081 locorum

557 3102 663 3159 ‚per
696 3103 809 3153 quse
847 3082 1145 3140 immobilia
1181 3084 1415 3155 dispersa
1435 3082 1619 3160 habet,
1650 3091 1740 3148 sed
1768 3095 1946 3161 potius
1980 3092 2049 3149 ad
2067 3096 2191 3151 uni·-

568 3170 692 3211 cum
728 3166 986 3211 statutum
1019 3159 1098 3211 sui
1133 3153 1412 3226 domicilii,
1444 3157 1592 3228 cujus
1611 3177 1834 3221 noverat
1866 3166 2189 3227 sententiam

567 3242 631 3280 ac
667 3224 986 3282 succedendi
1020 3224 1285 3296 ordinem,
1317 3228 1450 3285 dum
1467 3227 1702 3288 locorum
1731 3230 1964 3292 aliorum
1981 3250 2189 3291 succes-

567 3299 743 3351 siones
779 3293 1043 3370 legitimas
1078 3293 1430 3381 probabiliter
1482 3299 1662 3358 minus
1695 3299 1927 3361 habebat
1981 3321 2190 3373 perspe-

566 3379 714 3430 ctas3
749 3364 816 3424 de
851 3382 956 3433 quo
990 3365 1155 3423 latius
1189 3365 1477 3425 dicendum
1509 3373 1611 3425 erit
1631 3374 1690 3426 in
1720 3388 1761 3427 t.
1796 3374 1863 3428 de
1895 3372 2066 3432 bfmd.
2102 3378 2189 3432 in-

564 3434 858 3491 stituendis.
895 3432 1141 3507 Denique
1175 3432 1318 3490 hanc
1336 3444 1556 3494 tacitam
1574 3439 2019 3501 contrahentium
2034 3461 2187 3504 men·

565 3522 677 3567 tem
711 3510 912 3562 evincit
945 3522 1188 3579 quoque,
1221 3506 1361 3578 quod
1398 3524 1432 3562 a
1469 3510 1686 3569 nemine
1738 3515 1794 3568 in
1829 3514 2056 3573 dubium
2091 3526 2187 3567 vo·

560 3590 744 3633 catum
779 3576 1020 3645 invenio,
1054 3576 1184 3655 quin
1204 3591 1364 3657 omne
1398 3596 1467 3635 as
1500 3578 1765 3652 alienum,
1797 3582 1947 3655 cujus
1969 3589 2188 3641 nomine

562 3664 792 3717 persona
827 3647 985 3723 unius
1015 3662 1258 3717 conJugzs
1292 3658 1418 3704 ante
1472 3651 1881 3709 matrimonium
1933 3651 2185 3713 devinSia

563 3715 690 3786 fuit,
723 3714 1039 3788 conJugibus
1071 3731 1360 3775 commune
1382 3714 1506 3787 fiat,
1540 3722 1626 3777 cui
1645 3738 2070 3784 consentaneum
2087 3740 2187 3796 est,

559 3802 622 3844 ut
656 3793 712 3847 δε
747 3793 930 3844 omnia
964 3785 1110 3865 lucra
1147 3804 1239 3845 seu
1276 3787 1416 3845 bona
1450 3793 1757 3848 communia
1794 3798 1927 3866 sint,
1958 3798 2090 3855 dum
2126 3802 2182 3853 in

558 3854 908 3915 societatibus
943 3857 1022 3913 ita
1057 3871 1139 3923 Jus
1170 3867 1272 3928 est,
1305 3870 1366 3914 ut
1398 3858 1584 3919 eadem
1601 3864 1866 3922 commodi
1897 3869 1953 3926 ὃ(
1973 3867 2183 3922 incom-

559 3930 708 3986 modi
743 3932 882 3982 ratio
916 3927 1023 4001 sit,
1058 3943 1119 3985 ar
1156 3968 1168 3983 .
1208 3926 1243 3982 l.
1283 3931 1569 3987 secundum
1605 3952 1861 3990 naturam
1903 3953 1988 3992 ιο.
2014 3933 2086 4007 ffl
2106 3934 2183 3995 ,de

556 4000 714 4075 regul.
737 3999 907 4067 juris,
940 3991 993 4071 ᾗ.
1027 3992 1081 4050 5.
1153 3997 1300 4080 afris.
1336 3998 1402 4053 de
1433 4005 1699 4075 societate,
1732 4008 1987 4073 praesertn
2036 4045 2055 4076 ,
2090 4005 2182 4064 ubi

557 4069 787 4139 amplius
823 4068 1272 4139 consideraveris,
1313 4087 1425 4135 non
1460 4078 1594 4132 certi
1619 4071 1747 4146 loci,
1778 4074 1871 4134 sed
1906 4083 2003 4134 uni
2040 4095 2182 4133 ersa·

558 4158 676 4199 rum
715 4134 1034 4197 facultatum
1067 4157 1134 4196 aes
1168 4137 1585 4213 alienum‘esse,
1618 4145 1675 4201 δε
1712 4159 1887 4201 totum
1922 4151 2181 4216 patrimo-

558 4219 709 4271 nium
746 4210 1067 4269 imminuere
1101 4209 1431 4283 regulariter,
1464 4229 1576 4269 non
1593 4215 1725 4268 certi
1754 4212 1862 4270 loci
1881 4212 2179 4286 facultates,

555 4300 614 4344 ut
652 4281 723 4349 ab
763 4277 999 4349 Ulpiano
1030 4286 1287 4347 scriptum
1320 4294 1402 4338 est
1460 4285 1520 4338 in
1554 4285 1588 4339 l.
1623 4287 1672 4339 si
1717 4282 2181 4353 fideicommissum

560 4356 644 4413 50.
683 4344 734 4425 §.
783 4368 826 4405 ι.
849 4347 926 4435 ff‘.
961 4348 1026 4406 de
1047 4352 1297 4424 judiciis.

627 4422 756 4483 Non
791 4435 960 4481 ettam
991 4423 1271 4481 sententiae
1306 4417 1430 4478 huic
1452 4423 1522 4481 de
1560 4425 1939 4485 communione
1955 4430 2178 4485 univer-

553 4495 656 4559 sali
690 4493 760 4551 ad
795 4511 877 4553 res
912 4509 1101 4549 omnes
1135 4490 1438 4549 immobiles
1473 4491 1775 4566 ubicunque
1809 4501 1940 4554 sitas
1982 4511 2176 4557 exten-

551 4568 728 4631 denda
764 4578 1025 4637 repugnat
1059 4562 1408 4620 ratiocinium
1439 4578 1472 4619 a
1523 4565 1944 4625 successionibus
1978 4566 2051 4627 ab
2086 4570 2178 4627 in-

547 4649 745 4704 testato
778 4634 1024 4705 petitum,
1057 4637 1114 4689 in
1135 4629 1342 4716 ‘quibus
1378 4627 1486 4692 sere
1503 4649 1656 4692 extra
1690 4634 1920 4694 dubium
1950 4653 2052 4709 est,
2073 4640 2176 4695 irn-

2265 359 2492 417 thenim
2546 377 2578 416 a
2611 360 2898 428 disparatis
2953 353 3093 413 male
3126 352 3187 410 fit
3226 353 3430 420 illati03
3480 373 3606 438 cum·
3639 374 3729 411 non
3755 357 3815 411 ita

2268 432 2483 501 concipi
2520 432 2723 500 possint
2756 438 3075 485 testamenta
3112 427 3281 509 tacita
3296 441 3493 494 eorum,
3524 429 3815 507 quiintestiu

2265 508 2584 570 moriuntur,
2617 504 2699 558 uti
2734 498 2946 569 quidem
2983 507 3138 566 pacta
3171 508 3341 550 tacita
3375 510 3553 552 eorum
3572 533 3589 562 ,
3622 512 3698 562 qui
3725 510 3811 548 ma·

2264 578 2579 628 trimonium
2613 570 2731 626 sine
2746 582 2993 635 expresso
3017 578 3174 635 pacto
3188 562 3358 622 dotali
3376 564 3817 645 conveniunt,du1n

2262 641 2427 698 multi
2464 642 2708 697 intestati
2726 644 3051 704 moriuntur,
3084 631 3272 704 quibus
3289 645 3587 690 testamenti
3604 631 3813 716 condendi

2263 708 2490 769 facultas
2524 708 2597 766 ob
2619 722 2857 776 «etatem,
2896 705 3355 777 prodigalitatem,
3391 700 3627 771 furorem,
3655 701 3817 781 aliaque

2260 780 2457 836 similia
2493 779 2553 836 in
2589 780 2898 837 universum
2928 776 3193 847 denegata
3227 787 3339 839 σας
3374 786 3559 829 contra
3591 769 3813 828 veronufl·

2258 854 2664 910 matrimonium
2696 859 2917 917 possunt
2951 842 3291 912 contrahere,
3326 844 3431 901 nisi
3464 844 3554 912 qui
3584 843 3726 897 etiarn
3752 840 3814 896 vel

2257 917 2377 988 soli,
2414 917 2501 978 vel
2535 920 2733 976 muniti
2767 915 3091 975 annotante
3121 931 3326 983 eorum,
3360 929 3577 982 quorum
3608 917 3813 969 &mo-

2257 996 2418 1047 ritate
2453 990 2669 1059 nuptias
2704 993 2916 1056 ineunt,
2949 999 3104 1052 pacta
3138 983 3347 1040 dotalia
3382 994 3557 1052 aperta
3590 986 3812 1049 concipere

2258 1058 2374 1129 jure
2405 1058 2645 1116 valeant.
2682 1056 2841 1117 Adde
2874 1062 2961 1126 tit,
2979 1053 3044 1110 de
3078 1056 3344 1110 constitut.
3378 1053 3667 1133 Principum,
3696 1062 3810 1130 parte

2256 1130 2447 1202 altera,
2476 1128 2545 1185 de
2577 1130 2796 1184 staturi»-
2827 1145 2885 1181 n.
2921 1142 3009 1180 ar.
3050 1122 3140 1180 ubi
3178 1121 3293 1180 haec
3343 1121 3621 1199 difncultas
3642 1119 3811 1202 ‚piem

2253 1200 2489 1257 discussa
2521 1194 2712 1254 est-Et
2728 1200 2854 1266 quia
2887 1208 3117 1264 statuta,
3150 1193 3426 1260 caventia,
3458 1206 3653 1262 conjugi
3682 1208 3730 1244 su
3794 1213 3814 1226 ·

2253 1272 2372 1325 stiti
2403 1279 2708 1337 competere
2741 1264 2937 1326 debere
2971 1258 3368 1322 usumfructum
3403 1265 3460 1316 in
3497 1260 3637 1342 bonis
3663 1258 3717 1315 de
3736 1272 3807 1313 un-

2253 1341 2353 1409 cti,
2384 1356 2447 1395 re
2474 1344 2593 1408 ipsa
2625 1337 2917 1404 disponunt
2950 1336 3020 1394 de
3056 1335 3391 1392 successione
3423 1345 3703 1402 coniugum,
3729 1342 3807 1396 arg.

2253 1428 2369 1465 noo.
2396 1421 2512 1479 ¹¹7·
2547 1421 2663 1475 cap.
2682 1406 2737 1464 5.
2773 1404 2904 1462 hinc
2940 1422 3051 1462 non
3086 1406 3216 1459 satis
3237 1398 3466 1460 feliciter
3499 1419 3529 1456 a
3558 1401 3812 1458 dissentien-

2254 1477 2398 1535 tibus
2429 1477 2739 1545 adduc'aeur,
2772 1486 3038 1532 statutum
3072 1470 3206 1531 illud
3225 1513 3245 1543 ,
3279 1490 3393 1542 quo
3427 1468 3726 1526 ususfructus
3751 1485 3811 1522 su·

2254 1552 2458 1617 perstiti
2490 1542 2709 1619 coniugi
2743 1545 2803 1600 in
2842 1543 2999 1604 bonis
3032 1538 3274 1599 defuncti
3312 1540 3569 1598 tribuitur
3601 1554 3696 1620 non
3724 1553 3791 1617 ⁸²⁸¹.

2252 1620 2430 1677 tinere
2462 1616 2534 1677 ad
2568 1632 2652 1673 ree
2685 1611 2989 1674 immobiles
3020 1611 3134 1667 alio
3168 1617 3225 1668 in
3260 1608 3386 1667 loco
3417 1611 3581 1680 sitas,
3611 1606 3693 1664 ubi
3718 1603 3812 1661 tal:-

2250 1689 2507 1746 successio
2538 1684 2783 1758 legitima
2808 1678 3057 1755 confligis
3071 1682 3371 1751 superstitis
3402 1681 3459 1736 in
3479 1676 3816 1738 usumfructus

2252 1769 2384 1814 nota
2421 1771 2535 1812 nou
2567 1769 2665 1815 est.
2702 1752 2990 1814 Nemeum
3006 1749 3115 1822 jam
3146 1752 3357 1820 dictum
3374 1752 3467 1822 sit,
3499 1748 3810 1808 asucceulone

2249 1826 2322 1883 ab
2354 1834 2612 1884 intestato
2644 1825 2876 1883 deducta
2914 1835 3229 1895 argumenta
3266 1838 3378 1878 non
3413 1825 3539 1877 satis
3569 1821 3817 1889 stringere,

2251 1915 2461 1957 necesse
2493 1908 2574 1953 est
2596 1935 2614 1964 ‚
2651 1892 2752 1953 hoc
2786 1912 2997 1968 quoque
3032 1890 3105 1948 ab
3138 1888 3425 1950 usufructu
3444 1893 3653 1963 petitum
3686 1881 3815 1945 inesi-

2251 1984 2353 2024 csx
2390 1985 2523 2025 esse.

2320 2033 2507 2096 Minus
2538 2053 2745 2110 quoque
2778 2034 2951 2104 hanc,
2982 2052 3145 2107 quam
3180 2048 3336 2094 tueor
3356 2075 3375 2105 ,
3408 2032 3704 2103 opinionem
3731 2042 3814 2096 pre-

2252 2108 2373 2177 mit,
2402 2110 2563 2179 quod·
2582 2102 2933 2173 Ultraiectini
2956 2107 3367 2164 matrimonium
3390 2101 3734 2161 contrahentes
3747 2095 3815 2151 tl-

2250 2175 2499 2249 trajecti,
2529 2174 2681 2247 cuius
2717 2173 2821 2232 loci
2852 2178 3063 2233 ‘statuto
3094 2171 3351 2250 coniuges
3385 2171 3719 2243 prohibentur
3746 2163 3817 2222 sibl

2252 2246 2486 2304 invicem
2519 2244 2812 2321 gratificari
2847 2244 2989 2302 ultra
3016 2242 3406 2302 usumfructum
3427 2245 3747 2314 reciprocum,
3774 2250 3817 2290 π

2252 2322 2475 2375 trial-itus
2511 2316 2751 2387 improlis
2783 2312 3100 2383 prohibetur
3136 2314 3439 2371 immobilia
3490 2313 3704 2370 alienare
3730 2309 3817 2363 sine

2248 2403 2516 2446 consensu
2551 2394 2768 2451 uxor-iss
2802 2387 3010 2456 possint
3069 2398 3248 2442 tamen
3296 2397 3539 2454 suprema
3593 2378 3816 2459 volunt-tte

2250 2456 2355 2513 sibi
2391 2459 2625 2518 invicem
2660 2457 2956 2524 relinquere
2978 2461 3369 2525 proprietatem
3405 2453 3817 2532 plenissimamxm·

2252 2525 2537 2587 mobilium
2572 2530 2633 2585 in
2671 2524 2965 2586 Hollandia
2984 2531 3231 2594 sitorum,
3268 2541 3334 2582 ac
3371 2526 3590 2597 maritus
3621 2520 3816 2601 talisct·

2250 2600 2363 2654 ism
2397 2598 2577 2655 invita
2614 2615 2781 2656 uxore
2852 2593 3182 2654 liberrimam
3214 2611 3403 2654 eorum
3441 2591 3608 2652 facere
3653 2586 3816 2644 aliens-

2249 2670 2476 2741 tionem,
2506 2668 2637 2727 dum
2671 2667 2757 2727 lex
2798 2635 3127 2727 Holundica
3161 2664 3260 2723 tali
3294 2659 3580 2750 conjugum
3596 2654 3814 2738 gratififss·

2248 2742 2410 2810 tioni,
2442 2757 2509 2795 ac
2546 2737 2802 2798 facienda
2902 2755 2929 2793 r
2963 2739 3223 2793 maritum
3257 2735 3600 2805 alienationi,
3632 2747 3725 2787 non
3754 2740 3816 2778 m·

2248 2811 2514 2875 ten-cedia
2549 2811 2693 2868 unde
2724 2815 2805 2867 ev·
2872 2820 2944 2864 'ns
2982 2807 3212 2874 videtur,
3248 2801 3644 2873 Ultralefflnos,
3674 2794 3816 2856 Ultri-

2251 2876 2370 2948 ie&
2405 2885 2619 2947 nuptias
2655 2881 2905 2936 ineuntes
2937 2878 3055 2934 sine
3092 2874 3260 2946 passis
3293 2873 3582 2943 dotalibus,
3614 2881 3817 2927 noncen·

2246 2954 2348 3006 seri
2382 2949 2443 3006 in
2476 2946 2866 3007 contrahendis
2901 2948 3102 3017 nuptiis
3136 2964 3245 3005 sese
3278 2944 3633 3005 conformasse
3660 2946 3815 3013 statm-

2252 3015 2633 3089 Ultraieaino,
2668 3037 2768 3076 nec
2789 3016 2990 3090 legibus
3014 3012 3361 3075 Hollandicis
3378 3020 3519 3073 circa
3535 2998 3815 3087 gratificati·

2245 3094 2298 3149 ἃ
2338 3088 2616 3147 alienandi
2635 3087 2908 3145 licentiam
2927 3089 3217 3160 derogas-se„
3237 3084 3688 3151 Considerandum
3703 3089 3815 3164 nam·

2244 3177 2372 3241 que,
2402 3170 2668 3217 statutum
2702 3154 3127 3228 Ultrajeainum
3178 3160 3245 3215 de
3297 3153 3683 3238 gratificatione
3712 3157 3814 3203 mter

2244 3245 2496 3301 conjuges
2528 3232 2583 3287 ἃ
2614 3226 2971 3285 immobilium
3004 3226 3339 3286 alienatione
3359 3224 3815 3296 prohibitorium&-

2243 3317 2336 3370 se,
2371 3316 2435 3354 ac
2470 3298 2691 3367 proinde
2726 3304 2804 3354 ita
2838 3296 2882 3352 li
2918 3314 3030 3365 are,
3063 3313 3122 3355 ut
3161 3315 3259 3359 nec
3297 3294 3593 3366 pafflonem
3642 3296 3691 3346 in
3717 3302 3814 3343 con·

2245 3371 2470 3426 trarium
2505 3384 2848 3438 expressama
2893 3370 3096 3437 mittat,
3132 3369 3223 3427 sed
3245 3370 3303 3424 in
3317 3359 3814 3424 vitosacreluaant·

2243 3459 2346 3497 suae
2381 3436 2630 3496 subiiciat
2664 3438 3043 3507 dispositioni:
3079 3456 3185 3510 quo
3222 3435 3315 3507 fit,
3356 3453 3418 3496 ut
3464 3436 3587 3519 dici·
3608 3436 3813 3505 nequent»

2242 3528 2333 3565 eos
2366 3520 2627 3578 quantum
2681 3509 2751 3566 ad
2787 3527 2870 3567 res
2906 3506 3037 3563 alibi
3069 3515 3199 3565 sitas
3218 3509 3449 3577 probare
3484 3518 3641 3561 tacite
3670 3509 3813 3559 inm·

2245 3580 2507 3636 trimonio
2541 3577 2780 3635 ineundo
2816 3577 3044 3636 voluisse
3080 3579 3170 3649 id,
3205 3579 3353 3647 quod
3389 3576 3645 3636 domicilii
3674 3567 3812 3629 Ultrss·

2246 3645 2428 3718 ieami
2460 3647 2579 3720 lege
2611 3645 2865 3715 obtinet3
2899 3648 3031 3704 dum
3064 3648 3131 3705 de
3168 3654 3297 3730 ipsis
3349 3645 3578 3731 dubium
3628 3652 3730 3725 est,
3762 3651 3811 3719 ²3¹

2243 3737 2356 3776 non
2393 3724 2410 3773 l
2507 3736 2626 3775 rum
2660 3735 2865 3792 quoque
2900 3735 3077 3775 rerum
3115 3717 3272 3775 Ultra
3297 3720 3409 3776 ecti
3442 3730 3657 3774 sitarum
3685 3720 3812 3789 tutti·-

2242 3784 2370 3847 tu'a
2423 3806 2519 3859 ege
2557 3784 2916 3857 ultrajectini
2957 3791 3214 3846 recessuri
3248 3736 3480 3847 fuissent
3532 3789 3577 3844 si
3609 3780 3750 3839 modo
3775 3772 3814 3831 td

2240 3864 2364 3928 ipsis
2401 3857 2671 3928 licuisset,
2708 3876 2805 3916 nec
2840 3869 3022 3924 aperta
3056 3864 3246 3916 statuti
3301 3830 3600 3929 prohib'ztio
3645 3858 3816 3931 omnfffl

2241 3928 2624 4000 impedivisset,
2658 3933 2714 3985 in
2733 3932 3071 3984 contrarium
3088 3933 3511 3990 conventionem
3553 3915 3816 4002 Mentiri}¹¹¹5

2239 4000 2301 4055 de
2336 4017 2602 4071 pratumt.
2637 3995 2727 4054 lib.
2764 3994 2815 4066 4.
2850 4014 3116 4066 presumit.
3140 4017 3262 4057 202.
3299 4022 3354 4055 n.
3378 4017 3464 4056 21.
3510 3969 3816 4081 ζὶυοάθῑῑξω

2239 4085 2401 4130 antea
2435 4088 2468 4127 a
2504 4086 2592 4126 me
2621 4069 2755 4126 satis
2786 4071 3087 4136 expositum
3140 4070 3191 4126 d.
3245 4073 3353 4126 tie.
3403 4069 3469 4126 de
3506 4072 3814 4125 scansurum!-

2240 4143 2563 4211 Principum,
2596 4152 2746 4210 parte
2778 4136 2975 4208 altera,
3011 4137 3076 4193 de
3111 4148 3335 4200 statutis
3372 4163 3429 4197 n.
3473 4158 3552 4197 ιο.

2312 4209 2557 4269 Debilius
2593 4224 2845 4279 praeterea
2880 4222 2982 4280 est,
3015 4211 3159 4282 quod
3196 4226 3421 4285 urgetur
3442 4212 3499 4267 in
3521 4205 3815 4288 contrariw·

2240 4277 2529 4350 Ultrajecti
2564 4282 2634 4340 ad
2668 4280 3026 4338 inducendam
3058 4298 3150 4349 per
3185 4286 3403 4351 nuptias
3436 4281 3814 4358 communionem

2232 4354 2433 4425 requiri
2468 4347 2841 4420 concubitum,
2878 4354 2932 4403 in
2976 4346 3271 4410 Hollandia
3305 4351 3482 4411 solam
3517 4336 3815 4428 sust-werel*

2236 4422 2594 4480 nedictionem
2629 4419 3050 4491 sacerdotalem,
3101 4427 3147 4478 si
3197 4437 3383 4481 autem
3444 4419 3815 4499 munet-tinus,

2234 4494 2431 4562 pradia
2467 4492 2738 4561 possidens
2778 4503 2895 4549 tum
2937 4486 3257 4551 Hollandica
3296 4509 3416 4550 tum
3467 4488 3813 4565 Ulttafeetina‚

2232 4566 2456 4621 uxorem
2495 4559 2778 4631 Ultrajecti
2812 4561 3013 4633 ducat,
3058 4568 3131 4620 'ac
3165 4580 3285 4632 post
3321 4561 3728 4621 benedictionem
3769 4566 3813 4603 ¹⁰

2233 4637 2361 4702 ipsis
2390 4630 2559 4703 epulis
2593 4646 2723 4688 ante
2758 4629 2906 4688 thori
2943 4638 3238 4707 ingressum
3274 4636 3575 4701 moriatur,
3618 4621 3812 4685 Hellan-

548 4705 772 4767 mobilia
806 4712 920 4777 regi
957 4702 1072 4776 lege
1103 4714 1239 4785 situs
1272 4704 1356 4784 sui
1376 4744 1395 4773 ,
1426 4720 1491 4789 ac
1528 4716 1636 4790 tot·
1665 4708 1906 4766 diversas
1940 4710 2173 4790 intelligi
2199 4706 2350 4797 'dica
2385 4703 2595 4787 quidem
2633 4703 2829 4787 pradia
2862 4718 2929 4759 ex
2967 4703 3079 4777 lege
3113 4708 3243 4761 situs
3264 4699 3380 4762 fore
3413 4702 3714 4785 cmnmunia,
3734 4685 3811 4747 Ul·

548 4777 910 4851 hereditates,
940 4790 1070 4849 quot
1107 4770 1238 4829 locis
1270 4772 1527 4846 diversas,
1562 4774 1673 4833 alio
1722 4787 1882 4849 atque
1917 4777 2029 4839 alio
2062 4797 2173 4852 Jure
2228 4786 2511 4845 traJectina
2547 4789 2661 4832 non
2696 4787 2861 4849 item,
2896 4774 3138 4851 adeoque
3170 4786 3440 4837 statutum
3466 4766 3809 4837 domicilium
