3971 5383
1637 121 1656 164 l

1017 241 1050 276 x
1400 193 1501 256 De
1536 195 1688 254 Ritu
1724 190 2158 271 Nuptiarum.

3249 157 3358 285 fib

167 298 238 343 est
275 284 332 341 in
383 282 620 352 favorem
672 281 970 339 liberorum
1049 279 1384 339 matrimonii
1436 283 1761 338 anterioris:
1824 285 2029 341 tionem
2065 282 2343 351 imputari,
2375 281 2691 352 sed'praeter
2724 295 3015 354 quaestuum
3050 291 3288 344 omnium
3325 305 3448 356 par-

171 372 285 411 nam
315 360 358 412 si
393 353 627 410 binubus
661 345 929 409 affinitio
973 351 1089 407 sine
1123 353 1290 418 pactis
1324 352 1595 408 dotalibus
1630 367 1764 407 uxo-
1825 366 1931 408 tem
1966 350 2252 410 dimidiam
2307 352 2485 409 filialis
2535 356 2748 420 insuper
2785 357 2962 422 porti'o
2994 355 3209 428 conjugi
3257 376 3445 415 secun-

169 441 274 480 rem
322 425 572 493 duxerit,
622 436 784 490 atque
831 426 906 476 ita
960 420 1230 478 induxerit
1292 424 1764 491 communionem,

174 495 403 560 deinceps
428 505 634 549 »31110111
669 509 777 548 una
813 506 935 547 cum
989 507 1153 547 uxore
1189 495 1418 549 secunda
1475 507 1566 559 per
1600 504 1765 547 testa-

172 575 396 619 mentum
429 575 610 630 postea
644 562 927 619 conditum
960 565 1018 614 in
1056 559 1238 629 aliquo
1273 567 1435 617 tertio
1468 565 1765 617 contrarie-

174 646 249 688 tur
282 633 366 689 isti
400 634 769 688 communioni
804 649 896 698 per
913 643 1194 686 *statutum
1230 631 1483 699 inducta,
1510 648 1574 685 ac
1612 627 1684 685 ab
1704 647 1766 685 ea

176 703 386 771 recedat,
421 718 490 759 ne
513 716 643 757 tunc
693 700 908 770 quidem
961 702 1247 757 secundam
1298 698 1423 768 conj
1492 716 1576 754 em
1625 699 1773 774 ultra·

174 765 368 825 filialem
422 773 723 837 portionem
773 787 840 826 ex
896 769 1054 823 bonis
1106 769 1290 824 mariti
1343 770 1436 826 bin
1513 772 1534 824 i
1584 783 1768 835 capere

127 901 136 910 ι
169 857 318 909 posse,
367 855 675 910 responsum
725 852 827 909 est,
881 835 1049 906 Resp.
1106 838 1273 899 Jurec.
1335 835 1487 896 Holl.
1540 853 1659 908 par.
1723 857 1766 894 1.

169 910 324 964 consil.
360 907 445 975 40.
483 915 540 968 &
579 913 775 966 merito
795 926 812 973 3
869 925 1038 974 neque
1090 910 1248 963 enim
1291 907 1531 979 interest,
1585 920 1769 966 utrum

165 977 225 1031 ab
271 978 476 1048 initio„
502 997 574 1033 an
611 995 676 1036 ex
731 976 1001 1047 postfacto
1052 974 1348 1034 liberalitas
1405 978 1768 1034 immoderata

170 1057 265 1101 non
298 1065 360 1103 ex
410 1061 639 1116 statuto,
691 1047 783 1106 sed
821 1044 1005 1102 binubi
1063 1046 1341 1107 voltmtate
1374 1046 1442 1104 ad
1488 1044 1768 1118 conjugem

171 1117 434 1173 secundam
465 1116 803 1175 devolvatur.
1015 1147 1025 1158 ·
1715 1163 1722 1170 ,

229 1182 338 1241 123.
379 1184 507 1244 Haec
545 1191 620 1244 ita
657 1190 715 1241 in
757 1183 1071 1256 Hollandia,
1105 1203 1162 1244 at
1198 1181 1483 1250 ultrajeoi
1518 1197 1635 1253 post
1674 1202 1767 1240 va-

164 1253 261 1316 rias.
289 1251 389 1312 fori
422 1258 815 1325 disputationes
839 1259 1066 1315 tandem
1100 1258 1338 1314 obtinuit
1357 1270 1516 1323 atque
1534 1256 1768 1312 decisum

165 1318 272 1393 fuit,
304 1342 371 1382 ne
407 1340 527 1383 tum
562 1327 790 1398 quidem,
822 1345 946 1385 cum
979 1326 1175 1398 absque
1211 1326 1337 1382 uuis
1372 1324 1540 1395 paffls
1573 1325 1769 1385 dotali-

163 1388 247 1447 bus
279 1394 335 1448 in
375 1398 782 1452 matrimonium
819 1395 1050 1455 binubus
1084 1398 1392 1453 convenerit
1444 1411 1568 1452 cum
1601 1395 1770 1451 altera

160 1458 400 1533 conjuge,
432 1469 775 1523 statutariam
809 1471 1239 1523 communionem
1294 1470 1353 1523 in
1407 1462 1768 1535 praejudicium

159 1526 424 1589 liberorum
460 1538 618 1604 prizni
655 1533 798 1591 thori
834 1543 1001 1605 nasci,
1035 1533 1269 1594 Novella
1323 1537 1483 1593 decis.
1533 1530 1769 1600 111113ῐο-

162 1595 292 1682 &ina
324 1608 457 1661 anni
504 1604 656 1677 2659.
694 1621 801 1660 art.
828 1623 907 1662 10.
944 1606 1122 1680 ibique
1146 1606 1356 1664 wezel.
1395 1605 1556 1664 Plane
1589 1610 1646 1664 &
1669 1601 1768 1660 Ul·-

158 1667 342 1736 traJesti
376 1677 429 1732 δι
468 1675 592 1731 aliis
629 1682 686 1730 in
725 1674 874 1747 locis,
911 1681 965 1731 in
1003 1675 1193 1745 quibus
1229 1675 1401 1733 simile
1437 1671 1514 1742 ius
1548 1675 1767 1736 inveni-

157 1749 232 1794 tur
267 1745 457 1814 vigere,
493 1743 634 1800 nihil
667 1741 876 1811 obstat,
909 1764 1019 1817 quo
1053 1747 1234 1803 minus
1269 1764 1410 1803 uxor
1442 1745 1676 1803 secunda
1710 1744 1768 1799 vi

157 1815 426 1870 statutariae
460 1816 876 1886 communionis,
911 1823 956 1870 si
988 1832 1050 1872 ea
1087 1814 1242 1884 0380
1273 1814 1494 1874 exclusa
1530 1832 1644 1872 non
1677 1820 1770 1884 sit,

155 1887 343 1959 tantam
378 1881 614 1940 lucretur
633 1886 930 1952 portionem
964 1902 1030 1941 ex
1054 1882 1209 1941 bonis
1226 1887 1411 1941 mariti
1431 1887 1532 1955 sui,
1565 1896 1769 1955 quanta

155 1946 278 2003 cedit
310 1956 360 2005 ei
393 1970 459 2009 ex
497 1956 695 2022 prioris
730 1952 876 2011 thori
911 1951 1134 2025 libel-is,
1166 1960 1256 2012 cui
1289 1957 1573 2011 minimum
1606 1972 1639 2009 a
1676 1971 1768 2022 pa-

154 2027 223 2072 tre
252 2018 431 2076 datu-n
468 2036 551 2080 est
572 2064 588 2092 ,
626 2026 818 2094 quippe
853 2040 1016 2093 quam
1049 2029 1375 2081 sententiam
1403 2026 1508 2082 uti
1543 2023 1768 2082 suadent

152 2085 295 2166 verba
327 2087 481 2149 diste
518 2094 802 2158 decisionis
823 2090 1190 2161 Ultrajeaina·
1230 2113 1335 2150 art.
1363 2112 1442 2151 10.
1478 2096 1560 2149 ita
1597 2096 1653 2152 δε
1675 2112 1763 2150 ra·

152 2166 222 2209 tio
248 2156 451 2230 dietat,
486 2162 617 2218 dum
654 2165 709 2221 id
746 2181 915 2219 unum
951 2166 1203 2232 prospicit
1238 2164 1289 2217 d.
1330 2165 1366 2218 l.
1401 2162 1457 2221 6.
1495 2166 1549 2219 C.
1586 2162 1652 2218 de
1687 2184 1768 2218 re-

152 2225 287 2282 cund.
322 2234 538 2301 nuptiis,
574 2252 641 2289 ne
676 2232 1030 2290 immoderata
1063 2239 1123 2289 in
1159 2228 1436 2304 coniugem
1467 2235 1768 2291 secundum

1822 425 1900 480 dae
1935 429 2096 492 possit
2129 438 2194 477 ex
2231 419 2385 491 pauo
2419 419 2610 488 dotali,
2642 423 2820 480 aliove
2856 423 3100 496 legitimo
3137 425 3299 482 modo
3342 426 3446 483 ob-

1827 497 2025 550 venire.
2062 492 2202 550 Cum
2236 500 2383 551 enim
2405 493 2716 569 ‘indu-stria,
2753 490 2953 562 labore,
3003 497 3327 561 parsimonia
3381 507 3446 552 30

1824 579 1952 618 01113
1987 565 2261 618 communi
2294 567 2534 630 conJugis
2570 564 2841 629 utriusque
2878 566 3263 632 patrimonium
3293 578 3446 621 stan·
3482 625 3493 630 ,

1827 646 1880 687 10
1915 637 2269 687 matrimonio
2300 632 2537 688 secundo
2589 637 2979 689 incrementum
3029 634 3309 703 acceperit,
3363 635 3448 714 ju·

1824 714 1965 758 stum
1997 718 2063 757 ac
2098 718 2303 770 aequum
2335 714 2437 770 est,
2469 700 2679 770 utrique
2715 701 2772 757 id
2805 699 3022 776 coniugi
3058 704 3328 772 aequaliter
3362 722 3448 774 Ju-

1828 789 1888 828 re
1922 771 2153 838 quodam
2187 772 2461 828 societatis
2493 771 2713 838 acquiri,
2752 787 2848 828 nec
2883 772 3069 828 liberis
3100 775 3294 840 prioris
3329 791 3447 830 ma-

1831 841 2075 897 trimonii
2123 838 2322 908 injuria
2376 840 2548 895 videri
2601 851 2772 907 potest
2826 840 2999 910 illata,
3051 844 3192 914 quod
3246 844 3446 914 singuli

1829 928 1944 966 non
1980 928 2122 979 aeque
2158 910 2480 979 participent
2514 909 2581 965 de
2617 908 2785 977 lucro,
2817 914 2903 966 cui
2939 928 3151 967 causam
3187 931 3451 983 110110111-

1831 979 2083 1049 buerunt,
2117 993 2275 1047 atque
2325 977 2540 1048 quidem
2594 983 2877 1045 participat
2924 984 3148 1037 vitricus
3200 997 3293 1037 aut
3348 1000 3449 1038 no-

1832 1059 2008 1120 verca,
2040 1048 2190 1118 cujus
2224 1048 2490 1104 industria
2526 1064 2654 1124 opes
2688 1046 2921 1105 adauaae
2956 1063 3110 1108 sunt:
3151 1069 3320 1122 neque
3356 1045 3447 1108 'ul-
3483 1053 3488 1057 ’

1830 1118 1882 1174 13
1919 1120 2129 1177 invidia
2176 1129 2277 1183 est,
2328 1117 2471 1187 quod
2524 1119 2769 1188 conjugis
2817 1119 3036 1176 secundi
3071 1122 3335 1178 industria
3383 1137 3448 1175 ac

1828 1188 2013 1247 labore
2068 1190 2301 1256 adeoque
2335 1186 2616 1244 occasione
2650 1190 3016 1258 conquisitum
3050 1208 3147 1259 pro
3182 1206 3329 1258 parte
3347 1203 3449 1258 est,

1829 1258 1929 1316 hoc
1963 1231 2033 1316 311
2067 1275 2189 1316 eum
2224 1273 2431 1326 quoque
2467 1274 2560 1323 pro
2597 1269 2747 1323 parte
2800 1260 3016 1327 reverti,
3049 1277 3161 1331 arg.
3207 1277 3252 1314 1.
3272 1259 3448 1316 lmtir.

1821 1344 1912 1397 ριν
1979 1349 2078 1384 aar
2108 1343 2350 1397 perrona»-
2386 1329 2572 1396 cuique
2604 1328 2918 1399 acquiritur,
2954 1327 3309 1386 Christinxus
3349 1331 3448 1386 vol.

1836 1417 1879 1455 1.
1918 1348 2075 1456 chir.
2114 1412 2234 1467 27¹·
2271 1412 2325 1450 n.
2374 1413 2456 1451 12.
2494 1392 2774 1462 Responsa
2808 1398 2988 1455 lurisc.
3032 1396 3181 1454 Holl.
3215 1412 3352 1466 part.
3402 1417 3450 1460 1.

1827 1470 2004 1524 consil.
2043 1467 2127 1533 48.
2170 1465 2239 1522 D.
2276 1463 2532 1522 Someren
2568 1465 2632 1517 de
2654 1466 2785 1533 jure
2819 1487 3087 1523 novercar.
3124 1484 3235 1536 cap.
3282 1466 3336 1526 5.
3391 1489 3448 1524 n..

1827 1534 1879 1592 5.
1916 1537 1982 1600 (5
2018 1537 2070 1607 4.
2108 1533 2278 1591 Wesel
2330 1535 2409 1589 ad
2458 1536 2687 1589 novellas
2740 1540 2945 1593 constit.
3002 1539 3282 1605 Uitrajec‘l.
3342 1554 3448 1595 art.

1833 1626 1912 1665 10.
1949 1627 2098 1664 num.
2142 1602 2258 1663 103.
2316 1603 2601 1661 Diversum
2655 1601 2816 1673 foret,
2867 1609 2913 1663 si
2966 1605 3166 1677 conjux
3224 1608 3453 1665 binubiu

1826 1674 2045 1748 conjugi
2080 1673 2324 1734 secundae
2359 1687 2475 1742 post
2499 1672 2811 1738 ,contraEias
2868 1678 3083 1743 nuptias
3117 1695 3272 1734 suam
3316 1694 3451 1749 quo-

1825 1766 1926 1820 que
1962 1749 2231 1815 propriam
2276 1745 2492 1803 cederet
2541 1757 2896 1810 aequastuum
2947 1746 3308 1816 medietatem,
3358 1766 3453 1804 seu

1828 1821 2110 1885 acquaestui
2147 1815 2254 1885 jam
2290 1829 2445 1883 parto
2481 1810 2564 1868 vel
2599 1813 2774 1870 adhuc
2807 1828 3020 1882 sperato
3073 1819 3451 1881 renunciarem

1826 1904 1948 1945 cum
1988 1890 2066 1943 ita
2101 1903 2211 1941 non
2247 1899 2362 1941 tam
2399 1901 2509 1939 non
2548 1892 2731 1939 utatur
2763 1885 3077 1943 conditione
3124 1886 3440 1954 acquirendi

1828 1973 1991 2024 quam
2025 1957 2202 2027 potius
2237 1953 2448 2010 abdicet
2489 1969 2610 2008 vere
2645 1950 2726 2020 jus
2761 1951 2865 2007 sibi
2897 1972 2962 2010 ex
3000 1957 3203 2024 nuptiis
3234 1956 3304 2012 ad
3359 1972 3451 2011 ac-

1825 2041 2122 2099 quaestuum
2157 2024 2501 2082 medietatem
2537 2040 2594 2076 re
2628 2024 2739 2089 ipsa
2773 2028 3070 2092 quaesitum,
3105 2041 3216 2097 arg.
3257 2026 3294 2079 l.
3347 2022 3453 2079 bae
3548 2079 3555 2084 ,

1823 2102 1967 2153 'ratio
2002 2091 2055 2151 3.
2091 2088 2146 2168 §.
2185 2097 2283 2152 ult.
2312 2089 2378 2161 ffl
2410 2091 2475 2146 de
2507 2090 2693 2156 donat.
2723 2095 2859 2147 imer-
2893 2097 2994 2150 vin.
3049 2094 3117 2154 (⁴5
3152 2116 3190 2151 u
3225 2115 3299 2149 or.
3354 2111 3452 2150 cu-

1826 2161 1906 2234 ius
1945 2163 2073 2233 juris
2108 2163 2311 2232 quesiti
2345 2158 2585 2244 efficacia
2630 2161 2939 2240 dominium⁸
2982 2180 3157 2247 rerum
3182 2164 3309 2247 ‚sub
3360 2179 3451 2219 ac-

1826 2247 2441 2304 ques-tucontentarum
2476 2249 2591 2299 1030
2647 2245 2760 2297 jure
2812 2248 3031 2303 conjugi
3087 2245 3326 2318 utrique·
3352 2251 3454 2303 pro

149 2305 230 2349 aut
260 2303 550 2358 secundam
583 2298 820 2370 profiisio
876 2301 970 2358 fiat
1009 2307 1065 2357 in
1118 2302 1504 2360 detrimentum
1538 2321 1727 2361 eorum
1749 2345 1765 2373 ‚
1825 2309 2039 2364 semisse
2070 2300 2343 2372 adiicitur,
2377 2317 2476 2358 nec
2509 2303 2998 2359 communicatione
3049 2322 3139 2371 per
3176 2321 3454 2376 acquiren-

151 2364 228 2429 qui
259 2382 324 2423 ex
359 2373 716 2427 matrimonio
750 2372 926 2441 priore
963 2374 1085 2430 nati
1113 2386 1284 2430 sunt:
1320 2372 1628 2438 nihil,vero
1665 2373 1766 2427 im-
1825 2387 1934 2433 tem
1973 2372 2221 2430 facienda
2255 2389 2388 2440 opus
2435 2384 2534 2435 est.
2580 2368 2910 2429 Neostadius
2961 2371 3024 2426 de

149 2435 398 2493 moderati
432 2453 536 2509 est,
569 2440 664 2496 ub'i
696 2458 762 2498 ex
796 2444 988 2498 statuti
1025 2440 1284 2500 beneficio
1303 2461 1415 2499 non
1449 2439 1624 2511 major
1642 2462 1766 2512 por-
1825 2460 1972 2512 nupt.
2009 2442 2201 2500 obrerv.

3058 2374 3245 2503 &assis
3295 2391 3452 2429 ante-

2238 2441 2290 2509 4.
2320 2444 2377 2496 in
2412 2442 2564 2509 notit,
2596 2459 2746 2496 num.
2782 2437 2834 2496 5.
2872 2461 3003 2497 verr.
3171 2443 3289 2499 licet
3326 2463 3450 2500 mu-

146 2501 214 2558 tio
241 2504 456 2579 conjugi
491 2511 733 2568 secunde
765 2516 1035 2581 quaritur,
1069 2528 1228 2580 quam
1246 2515 1470 2570 minime
1502 2511 1769 2569 honorato
1824 2514 1940 2584 liet,
1976 2510 2245 2582 Herbajus
2280 2531 2378 2568 rer.
2416 2509 2611 2580 quotid.
2647 2522 2758 2575 cap.
2803 2524 2884 2579 17.
2929 2509 3000 2568 D.
3056 2513 3312 2570 5011101011
3383 2512 3450 2567 de

146 2577 318 2637 prioris
354 2575 502 2632 thori
540 2579 652 2635 filio
683 2578 984 2638 obventura
1018 2593 1099 2637 est
1122 2607 1153 2649 ,-
1192 2581 1331 2637 Abr.
1385 2599 1418 2636 3
1475 2582 1667 2638 Wesel
1700 2581 1766 2637 de
1813 2585 1943 2656 jure
1981 2601 2244 2639 novercas.
2280 2595 2393 2648 cap.
2428 2592 2485 2651 9.

2518 2598 2572 2633 n.
2631 2596 2685 2634 2.
2739 2578 2877 2642 Abr.
2928 2598 2962 2636 a
3016 2582 3219 2639 Wesel
3268 2580 3352 2636 ad
3394 2580 3450 2646 ds

146 2643 424 2702 connubial.
461 2646 711 2706 bonorum
745 2654 916 2705 societ.
954 2650 1111 2707 trabl.
1159 2667 1200 2705 1.
1238 2672 1291 2707 n.
1327 2647 1415 2706 53.
1452 2649 1630 2709 Simili
1649 2669 1765 2717 mer·
1824 2670 1931 2710 arr.
1975 2670 2053 2711 10.
2091 2673 2143 2709 n.
2180 2651 2264 2711 55.
2302 2650 2369 2712 Θ
2404 2667 2535 2721 seqq·
2573 2645 2683 2706 Vix
2719 2660 2899 2709 tamen
2934 2663 3110 2719 est,ut
3144 2652 3317 2711 eidem
3352 2654 3450 2711 ad-

144 2711 406 2796 do·neque
444 2719 502 2774 in
545 2715 866 2791 Hollandia,
888 2737 1058 2787 neque
1074 2717 1376 2795 Ultrajeffl,
1411 2722 1582 2789 neque
1601 2727 1767 2780 etiam
1822 2724 2090 2791 stipuleris
2125 2720 2441 2781 Δίῃ-31131110
2476 2736 2581 2774 van
2622 2717 2849 2791 Wesel,

145 2782 249 2839 aliis
283 2787 342 2840 in
400 2785 557 2859 locis,
606 2789 1011 2858 dispositionem
1060 2788 1114 2845 d.
1151 2793 1271 2864 legis·
1309 2809 1469 2846 setta
1504 2793 1764 2864 rigidissi-
1824 2796 1934 2850 stit.
1973 2794 2123 2852 Ultra
2153 2792 2249 2849 eH.
2287 2789 2336 2846 d.
2375 2804 2481 2844 art.
2528 2805 2609 2844 10.
2648 2806 2700 2843 n.
2737 2788 2818 2845 53.

145 2868 218 2910 me
265 2858 748 2925 comprobantibus
768 2899 786 2928 ‚
856 2861 1144 2915 statutaria
1195 2863 1443 2916 omnium
1499 2861 1764 2919 bonorum
1819 2865 1988 2918 etiam
2025 2880 2086 2931 pa
2145 2880 2188 2919 13
2220 2855 2676 2927 antenuptialibus
2712 2858 2858 2915 inter
2894 2860 3154 2918 binubum
3186 2865 3246 2922 81

149 2928 448 2982 commuuio
485 2931 544 2984 in
562 2929 805 2987 secundis
838 2930 1034 2998 nuptiis
1070 2928 1282 2987 exclusa
1331 2933 1535 2987 censeri
1586 2931 1764 3003 debet,
1782 2958 1795 3045 Ι

1746 3038 1763 3067 5

146 2996 341 3058 quoties
398 3014 522 3055 eam
576 2999 780 3066 induci,
834 2997 1014 3055 liberis
1069 3001 1227 3069 primi
1282 2998 1428 3057 thori
1466 2999 1596 3062 utile
1645 3016 1725 3058 est

148 3062 272 3119 dum*
301 3062 442 3122 sorte
479 3067 708 3125 binubus
740 3069 922 3127 decem
941 3066 1112 3125 millia
1134 3082 1322 3129 tenens
1358 3088 1424 3126 30
1454 3073 1589 3128 duos
1617 3074 1761 3139 prio-

149 3134 212 3214 ris
259 3132 407 3191 thori
461 3135 657 3196 liberos
711 3135 938 3209 habens,
994 3155 1113 3197 eam
1162 3142 1334 3208 ducit,
1380 3158 1495 3213 quae
1545 3152 1764 3199 centum

149 3200 367 3259 millium
401 3225 622 3264 censum
659 3209 925 3277 possidet:
981 3228 1050 3267 ne
1084 3207 1322 3278 alioquin
1377 3213 1454 3280 id,
1505 3212 1647 3279 quod
1702 3213 1760 3267 in

153 3267 380 3330 savorem
418 3276 713 3334 liberorum
746 3281 905 3362 primi
939 3275 1087 3335 thori
1121 3282 1484 3339 constitutum
1518 3295 1596 3341 est
1627 3300 1761 3337 con-

153 3352 227 3395 tra
259 3343 296 3398 l.
333 3344 476 3414 quod
528 3367 688 3404 avare
739 3350 794 3404 b.
847 3348 907 3404 C.
941 3345 1006 3403 de
1039 3346 1232 3422 legibus*
1329 3348 1364 3404 l.
1421 3350 1572 3405 nulla
1611 3352 1762 3422 juris·

152 3409 226 3465 25.
271 3409 337 3492 ff.
388 3436 445 3471 eo
487 3457 501 3473 .
537 3421 624 3474 tit.
691 3412 858 3546 ‚guin
897 3421 1039 3485 imo,
1090 3419 1137 3474 si
1196 3390 1477 3479 Ultraiefiii
1532 3418 1763 3476 binubus

151 3481 437 3548 opulentior
491 3491 607 3545 sine
641 3504 706 3556 pa
765 3493 808 3543 is
840 3484 1112 3544 dotalibus
1165 3487 1377 3544 duxerit
1432 3488 1609 3546 minus
1659 3490 1759 3546 do-

152 3560 307 3608 tatam
362 3560 418 3614 81
454 3569 636 3614 stante
674 3556 910 3617 secundo
963 3556 1312 3615 matrimonio
1364 3574 1557 3615 omnes
1605 3559 1758 3616 dece-

153 3619 273 3678 dant
326 3594 480 3682 fiberi
541 3629 731 3695 prioris
782 3622 972 3698 thori,
1019 3643 1144 3682 mox
1179 3627 1323 3684 inter
1355 3622 1608 3699 coniuges
1661 3626 1759 3685 ho-

2946 2724 2962 2774 i
2998 2721 3082 2775 ad
3105 2722 3290 2778 novell.
3328 2742 3456 2778 con--

2987 2811 3119 2862 reqq.
3152 2792 3448 2863 existimat,

3297 2861 3448 2919 futu-

1822 2950 1934 2990 ram
1967 2929 2252 3009 conjugem
2282 2928 2587 2997 secundam,
2621 2938 2714 2984 aut
2767 2931 2909 2988 inter
2945 2930 3207 2989 binubam
3240 2934 3297 2991 &
3331 2949 3447 2987 ma-

1822 3006 1990 3060 ritum
2021 3017 2135 3068 elus
2186 3001 2473 3059 secundum
2509 2998 2566 3056 id
2615 3003 2704 3070 agi
2741 3016 2854 3055 non
2907 3018 3075 3071 posse,
3128 3015 3189 3059 ut
3223 3014 3445 3070 questas

1821 3073 1998 3131 omnis
2031 3083 2210 3131 stante
2243 3068 2476 3131 secundo
2524 3070 2877 3124 matrimonio
2927 3071 2995 3127 ad
3027 3069 3206 3130 solum
3257 3067 3445 3141 conju-

1857 3159 1945 3199 em
1976 3142 2269 3201 secundum
2304 3142 2590 3207 pertineat,
2622 3138 2859 3205 adeoque
2886 3138 3118 3197 binubus
3152 3155 3245 3197 aut
3283 3142 3445 3198 binu-

1820 3158 1891 3269 ba
1943 3225 2073 3270 ante
2125 3215 2338 3278 nuptias
2390 3208 2668 3264 renunciet
2718 3222 3075 3274 acquaestuum
3126 3212 3454 3268 medietati.

1822 3281 2004 3341 Aliter
2037 3281 2185 3339 enim
2220 3277 2404 3347 procul
2440 3274 2604 3333 dubio
2635 3271 2975 3348 iudicaverit,
3027 3282 3260 3355 quisquis
3308 3299 3443 3338 con-

1819 3351 2037 3418 sidera,
2069 3348 2211 3418 apud
2247 3351 2382 3415 ipsos
2418 3343 2719 3426 Romanos,
2769 3343 3013 3405 311610το3
3047 3349 3102 3405 A.
3155 3352 3276 3425 hgir
3323 3370 3442 3405 ses-

1821 3438 1907 3493 tae,
1938 3424 1995 3479 δε
2032 3423 2152 3488 ipso
2188 3432 2424 3486 tempore
2456 3417 2691 3485 eiusdem
2725 3416 2874 3491 legis,
2908 3419 2987 3500 ita
3041 3416 3442 3492 frequentatum

1819 3489 2001 3561 fuisse,
2035 3502 2097 3546 ut
2132 3494 2353 3543 maritus
2386 3499 2602 3557 accepta
2634 3488 2763 3544 dote
2794 3502 2980 3542 omnia
3032 3494 3326 3546 sustineret
3375 3510 3440 3549 o-

1821 3577 1951 3620 nera
2004 3557 2356 3619 matrimonii,
2409 3574 2474 3612 30
2524 3554 2631 3612 sibi
2680 3552 2780 3612 soli
2831 3572 3123 3616 reservaret
3187 3560 3442 3632 quicquid

1819 3642 1999 3688 stante
2032 3625 2385 3687 matrimonio
2419 3623 2756 3684 lucrifastum
2788 3638 2951 3697 esset,
2988 3644 3052 3683 ac
3089 3629 3321 3687 vicissim
3370 3631 3440 3688 de

153 3705 225 3747 sce
290 3697 636 3753 statutariam
673 3698 821 3753 nasci
871 3697 1300 3755 communionem
1324 3735 1344 3766 ,
1398 3698 1489 3754 vix
1534 3696 1760 3756 dubium
1819 3717 1916 3756 3110
1945 3699 2229 3770 suppleret,
2260 3695 2509 3766 quicquid
2561 3694 2708 3751 ultra
2750 3696 2949 3753 reditus
2998 3698 3330 3769 patrimonii,
3380 3702 3438 3759 &

151 3775 249 3818 esse
302 3778 519 3835 potest3
575 3784 700 3824 cum
734 3763 843 3836 jam
887 3787 919 3824 e
971 3767 1150 3823 medio
1180 3764 1384 3822 sublati
1431 3771 1543 3824 sint
1575 3783 1762 3825 omnes
1822 3770 1876 3827 id
1910 3772 2053 3841 quod

153 3826 262 3901 illi,
329 3852 560 3903 quorum
629 3836 920 3894 existentia
988 3835 1101 3893 sola
1131 3833 1543 3917 'impedimento
1607 3850 1761 3901 erat.

151 3914 270 4030 {gagt
295 3909 470 3966 minus
519 3912 814 3965 statutariae
874 3911 1241 3963 commumoni
1275 3923 1339 3965 ex
1377 3907 1582 3975 nuptiis
1615 3906 1761 3965 locus

2107 3785 2175 3825 ex
2225 3777 2427 3835 quaestu
2478 3778 2637 3851 atque
2688 3765 2955 3823 industria
3006 3765 3323 3838 obvenerat,
3366 3770 3438 3829 ad

1818 3840 2128 3897 sustinenda
2180 3850 2348 3893 onera
2400 3837 2738 3892 matrimonii
2788 3850 3066 3908 erogatum
3113 3848 3436 3907 3003101015

1816 3911 1884 3967 110
1916 3921 2110 3966 caetero
2142 3905 2356 3961 mulieri
2387 3905 2486 3962 dos
2517 3923 2610 3963 sua
2642 3904 2790 3963 salva
2822 3920 2972 3965 esset.
3011 3904 3243 3966 Proinde
3275 3910 3322 3964 si
3358 3912 3441 3962 vi·-

1816 3980 1923 4037 dua
1961 3977 2157 4035 liberos
2176 3971 2380 4035 habens
2414 3977 2609 4045 prIoris
2642 3974 2788 4033 thori
2822 3977 3021 4031 marito
3052 3979 3289 4037 secundo
3328 3995 3440 4036 sese

221 4043 328 4114 134.
347 4044 477 4104 Sola
515 4064 722 4132 quoque
756 4058 1048 4120 questuum
1084 4054 1263 4102 stante
1299 4048 1643 4103 matrimonio
1676 4063 1760 4104 se-
1817 4052 2084 4117 sociasset,
2116 4043 2454 4113 amplamque
2485 4051 2538 4105 ei
2562 4044 2875 4103 contulisset
2907 4047 3110 4116 dotem,
3144 4049 3287 4107 unde
3322 4065 3439 4103 ma·

151 4114 315 4172 cundo
345 4118 763 4175 obvenientium
796 4116 1105 4175 communio
1137 4131 1229 4182 per
1264 4113 1671 4184 dispositionem
1705 4114 1762 4171 d.
1819 4119 1954 4176 ritus
1990 4117 2059 4174 ad
2091 4131 2205 4171 rem
2237 4117 2502 4172 attentior
2535 4133 2647 4174 non
2684 4114 2878 4174 leviter
2909 4133 3066 4175 suum
3098 4130 3278 4177 stante
3322 4134 3439 4173 ma·-

147 4178 254 4253 lege'r
278 4183 336 4256 6.
373 4201 583 4246 remota
619 4207 730 4246 non
766 4202 877 4254 est3
910 4188 1002 4245 sed
1040 4182 1124 4241 vel
1169 4182 1329 4254 pauo
1361 4183 1537 4242 dotali
1577 4186 1759 4244 induci
1816 4187 2078 4247 trirnonio
2109 4182 2340 4259 augebat
2371 4188 2609 4256 censum,
2644 4194 2823 4243 totum
2860 4178 2994 4242 illud
3028 4185 3235 4264 lucrum
3278 4198 3477 4257 penes''

149 4267 327 4328 mest,
361 4257 445 4315 vel
473 4264 542 4329 ¹vi
575 4259 768 4315 statuti
807 4257 1026 4317 1111111813
1064 4250 1300 4325 intelligi
1335 4254 1518 4327 debet,
1551 4260 1760 4322 quoties
1818 4257 1995 4317 solum
2047 4251 2360 4315 remanebat
2413 4261 2667 4315 maritum
2716 4255 3044 4325 secundum,
3094 4263 3247 4328 eique
3302 4275 3441 4314 uxor

321 4328 497 4386 dotali
537 4331 868 4388 nominatim
898 4337 1102 4386 semota
1152 4340 1286 4378 non*
1319 4337 1444 4391 est;
1491 4339 1789 4396 utcunque.
1820 4326 2025 4386 binuba
2055 4323 2283 4396 amplius
2314 4340 2382 4381 ex
2546 4327 2641 4382 riis
2674 4322 2832 4381 bonis
2866 4322 3080 4382 filialem
3110 4328 3288 4396 potuit
3330 4330 3440 4386 *ad-

170 4393 318 4453 ‘beris
354 4399 551 4468 prioris
589 4399 927 4456 matrimonii
963 4413 1028 4454 ea
1079 4393 1294 4451 ratione
1345 4395 1505 4467 longe
1561 4396 1764 4464 minus,
1816 4399 1946 4457 dere
2104 4398 2300 4465 ionem,
2335 4411 2408 4452 nu
2433 4395 2484 4451 la
2556 4400 2607 4452 ic
2645 4394 3004 4453 interdicente
3037 4396 3089 4451 d.
3125 4398 3250 4473 legis·
3269 4414 3440 4468 rea-ta,

151 4478 299 4531 quam
328 4463 552 4539 coniugi
587 4469 826 4538 secund-„e
859 4467 1107 4538 cedat,&
1146 4459 1354 4522 fruetus
1386 4464 1633 4522 omnium
1662 4464 1760 4522 bo-
1821 4467 1908 4526 vel
1945 4485 1976 4524 a
2000 4469 2166 4527 terius
2180 4466 2582 4539 constitutionis
2598 4463 2979 4536 prohibitione.
3008 4464 3169 4525 Hanc
3208 4484 3333 4525 vero
3350 4466 3438 4537 ju-

154 4550 328 4595 norum
363 4534 607 4608 conjugis
643 4538 836 4597 binubi
866 4537 982 4607 ,illa
1036 4544 1327 4605 quaestuum
1381 4541 1764 4605 communione
1820 4539 1895 4594 ris
1917 4533 2581 4605 Romanidispositionem
2612 4537 2777 4596 etiam
2795 4534 3034 4599 moribus
3052 4536 3329 4597 hodiernis
3346 4556 3441 4606 per

149 4608 504 4677 comprehensi
539 4612 671 4668 sint.
708 4607 844 4681 Qus
880 4610 1016 4667 adeo
1051 4621 1197 4672 vera,
1252 4616 1313 4662 ut
1351 4622 1518 4676 neque
1564 4603 1764 4664 frustm
1820 4605 1974 4676 0383
2005 4604 2211 4666 dotalia
2248 4603 2425 4666 reduci
2459 4601 2941 4677 atqueconfirmari
2977 4625 3146 4677 posse,
3179 4621 3244 4663 ut
3283 4622 3438 4666 nem-

156 4674 300 4750 tales,
335 4697 505 4760 neque
540 4679 713 4739 ullum
745 4677 895 4739 aliud
931 4679 1140 4733 lucrum
1161 4688 1244 4730 »ex
1285 4675 1549 4741 industria
1579 4695 1641 4735 ac
1684 4675 1763 4731 la·
1822 4695 1888 4747 pe
1919 4675 2137 4736 mulieri
2171 4673 2271 4732 dos
2299 4676 2554 4736 masalva
2572 4675 2962 4752 sit‚&lucrum
2979 4693 3143 4736 omne
3156 4677 3443 4736 damnum-

149 4743 268 4810 b0re
287 4767 593 4825 conjugum
626 4752 966 4824 proveniens,
1004 4748 1063 4803 in
1100 4740 1319 4807 filialem
1353 4747 1590 4809 debeant
1639 4763 1763 4817 por·
1821 4765 1925 4819 que
1977 4760 2158 4807 stante
2206 4748 2554 4815 nuttimonio
2603 4751 2986 4821 superveniens
3036 4749 3111 4809 ad
3171 4752 3432 4810 maritum

637 5014 654 5043 Ι
