3971 5383
697 108 724 126 N

164 210 215 293 6.
256 210 510 287 4.]1111.
553 210 619 275 de
654 216 869 287 nuptiir,
906 216 939 273 1.
978 213 1300 273 celebrandis·
1346 229 1423 289 19.
1452 217 1509 273 C.
1531 216 1583 272 b.
1620 237 1661 274 t.
1683 214 1834 272 Con-

162 290 239 349 fer
275 288 480 347 Avum
530 309 587 358 p.
625 306 699 344 m.
738 288 1056 346 Gisbertum
1093 285 1351 345 Voetium
1400 289 1621 358 politica
1668 286 1833 341 eccle-

177 364 331 417 siast.
371 375 500 429 ραν.
556 377 602 414 1.
638 356 724 414 lib.
762 354 812 413 5.
838 359 1002 420 trall-
1034 375 1078 413 1.
1118 358 1245 414 rell.
1270 375 1318 417 2.
1357 372 1467 425 cap.
1489 356 1542 413 5.
1579 375 1627 427 q.
1664 350 1835 413 5.Βὶ-

166 443 247 489 cet
288 428 443 486 illud
485 428 752 496 placuerit
792 426 924 498 jutis*
952 425 1586 499 Canoniciaue'toribus,
1618 431 1836 493 nuptia-

167 517 281 557 rum
318 499 773 567 prohibitionem
805 500 873 557 ad
928 499 1099 566 ipsum
1146 513 1395 566 quartum
1447 497 1833 569 cognationis,

170 573 220 629 &
242 566 566 627 affinitatis
600 570 846 642 gradum,
880 570 1173 626 secundum
1208 565 1337 632 furis
1373 567 1648 624 Canonici
1681 582 1832 621 com-

169 646 546 709 putationem,
583 638 1019 709 extendentibus,
1054 653 1166 707 cap.
1203 655 1316 706 pon.
1355 656 1510 693 extra
1530 635 1596 692 de
1613 655 1832 692 conran-

160 713 438 784 gut‘m‘tate
478 708 556 770 Θ
592 705 896 778 affinitate,
931 721 1090 779 atque
1124 708 1291 765 etiam
1329 706 1611 764 nonnullis
1656 712 1712 761 in
1750 708 1833 763 lo-

166 781 278 852 cis,
317 778 770 837 protestantium
807 777 1122 851 religionem
1142 774 1474 849 foventibus,
1513 777 1709 847 nuptiae
1746 779 1833 831 in-

169 863 251 905 ter
284 848 539 906 fratrum
576 864 924 917 sororumque
944 846 1143 903 liberos
1176 847 1469 918 reprobata
1487 850 1618 918 sint,
1653 850 1829 904 sinon

164 919 513 988 dispensatio
552 936 586 973 a
624 913 902 987 majestate
938 919 1011 971 im
1080 931 1252 974 tretur
1323 929 1385 975 ut
1419 920 1574 975 docet
1634 914 1833 975 Parens

169 1004 217 1058 p.
252 1008 328 1045 m.
370 988 593 1046 Paulus
634 986 774 1045 Voet
810 981 948 1061 ad§.
989 935 1216 1056 ffIns-t.
1247 960 1298 1045 ί.
1336 1005 1376 1044 t.
1394 987 1463 1042 de
1495 989 1687 1056 nuptiis
1707 1008 1757 1042 n.
1778 983 1829 1042 5.

233 1057 324 1115 55.
365 1057 529 1132 Quia
571 1076 701 1116 vero
734 1075 890 1126 supra
923 1060 991 1116 de
1023 1057 1261 1117 secundo
1287 1063 1551 1127 tertioque
1585 1056 1825 1113 affinita-

167 1132 237 1185 tis
274 1144 485 1203 genere
528 1130 742 1186 mentio
784 1126 1005 1196 habita,
1041 1128 1317 1184 sciendum
1351 1141 1472 1199 est,
1526 1123 1643 1195 jure
1678 1127 1829 1182 civili

168 1203 310 1258 inter
340 1217 465 1271 eos,
503 1205 602 1270 qui
639 1198 744 1254 sibi
780 1199 1014 1256 invicem
1048 1217 1140 1268 per
1175 1194 1503 1254 affinitatem
1540 1199 1828 1257 ascenden·

169 1284 247 1327 tes
279 1288 345 1326 ac
382 1269 793 1329 descendentes
826 1280 1007 1339 erant,
1042 1273 1258 1336 nuptias
1294 1272 1462 1325 etiam
1496 1270 1553 1322 in
1589 1268 1829 1325 secundo

166 1339 459 1397 affinitatis
497 1356 702 1411 genere
739 1336 895 1394 fuisse
931 1344 1163 1404 vetitas3
1196 1339 1325 1396 dum
1362 1356 1396 1393 ι
1418 1336 1726 1406 Papiniano
1742 1356 1829 1393 re-

165 1428 424 1480 sponsum
465 1409 581 1467 fuit
606 1451 624 1479 ,
658 1428 871 1466 uxorem
905 1407 1172 1479 quondam
1188 1412 1410 1482 privigni
1444 1408 1692 1482 cort-iungi
1708 1427 1829 1462 ma-

167 1486 416 1538 trimonio
454 1482 648 1537 vitrici
680 1498 782 1534 non
800 1494 1050 1548 oportet-G
1086 1499 1178 1534 nec
1198 1481 1257 1534 ἔνι
1290 1480 1695 1540 matrimonium
1712 1497 1829 1534 con-

166 1555 339 1607 wnire
375 1569 678 1607 novercam
713 1552 831 1623 ejus
851 1590 869 1620 ,
922 1553 1015 1620 qui
1045 1552 1290 1623 privigna
1347 1550 1578 1605 maritus·
1597 1544 1753 1619 fuit;
1790 1548 1828 1604 l.

166 1641 385 1679 uxorem
422 1618 709 1693 quondam
752 1620 829 1677 15.
855 1618 931 1688 ff
961 1618 1012 1675 b.
1038 1635 1078 1674 t.
1116 1618 1282 1691 Quod
1318 1637 1385 1678 ex
1423 1621 1653 1675 rationis
1688 1620 1831 1687 pari-

165 1704 273 1750 tate
307 1691 382 1749 ad
420 1692 657 1759 nuptias
690 1690 835 1748 inter
868 1707 1109 1746 socerum
1144 1695 1432 1762 generique
1466 1688 1686 1745 viduam
1708 1729 1725 1759 ,
1773 1691 1828 1748 ἃ

166 1777 373 1818 socrum
433 1778 719 1832 nurusque
769 1762 989 1818 viduum
1042 1762 1421 1830 porrigendum
1473 1761 1700 1818 videtur.
1755 1758 1829 1815 Et

168 1834 419 1900 quamvis
462 1829 927 1910 hodie-hortandi
986 1830 1275 1886 videantur
1332 1828 1612 1897 homines,
1664 1841 1725 1885 ut
1761 1828 1830 1885 ab

168 1900 262 1958 hu'
329 1902 491 1959 modi
530 1898 1008 1967 contunffionibus
1024 1900 1354 1966 abstineant,
1390 1901 1625 1956 maxime
1660 1900 1706 1953 si
1746 1916 1828 1956 res

171 1918 345 2030 adiiffc
385 1977 614 2043 integra
640 1972 736 2040 sit,
768 1979 894 2028 cum
928 1971 1218 2027 secundum
1239 1967 1604 2028 Modestinum
1630 1983 1829 2038 temper

168 2044 223 2098 in
255 2039 732 2116 conjunb‘liont‘bur
767 2062 871 2096 non
910 2041 1098 2110 solum,
1137 2039 1271 2111 quid
1280 2041 1459 2111 liceat,
1493 2038 1828 2095 consideran-

173 2111 297 2169 dum
335 2117 436 2182 rit,
474 2110 579 2167 sed
607 2110 674 2173 θ
742 2110 843 2168 uid
869 2108 1144 2167 hanutum
1179 2112 1269 2179 sit,
1304 2111 1343 2165 l.
1382 2125 1579 2179 remper
1612 2111 1670 2165 in
1711 2123 1826 2182 197.

169 2179 231 2251 ff:
265 2182 330 2238 de
367 2202 481 2256 reg.
509 2183 663 2255 juris
701 2131 739 2238 Z
773 2180 863 2249 42.
896 2177 963 2250 ff.
1000 2182 1047 2238 b.
1086 2198 1127 2236 t.
1162 2195 1324 2252 atque
1377 2186 1543 2237 etiam
1587 2196 1619 2233 a
1658 2175 1827 2237 facul-

169 2265 276 2309 tate
310 2250 668 2324 'theologica
689 2252 996 2309 Academia
1032 2248 1325 2321 Leydensis
1367 2268 1519 2307 anno
1564 2246 1716 2307 1666.
1741 2247 1826 2306 26.

171 2321 312 2380 lunii
349 2339 683 2389 responsum
718 2324 809 2393 sit,
844 2319 981 2380 tales
1017 2324 1230 2390 nuptias
1268 2320 1410 2378 haud
1446 2320 1827 2389 permittendas

168 2410 272 2447 esse
348 2409 570 2460 tamen,
603 2393 730 2462 quia
767 2409 933 2463 neque
967 2388 1097 2461 juris
1152 2389 1343 2447 Divini
1382 2407 1555 2459 neque
1608 2387 1825 2446 Politici

172 2433 352 2521 Εάἰέὶί
395 2459 728 2520 Hollandici
744 2474 925 2529 aperta
961 2460 1260 2530 prohibitio
1279 2459 1479 2518 talibus
1514 2462 1717 2530 nuptiis
1738 2462 1823 2517 in-

174 2533 393 2591 tercedit
416 2552 440 2601 3
479 2549 549 2587 ac
588 2550 658 2588 ne
695 2528 777 2601 ius
796 2532 1015 2604 quidem
1048 2531 1390 2588 Canonicurn
1410 2528 1501 2585 hic
1535 2531 1822 2604 quicquam

171 2600 477 2672 prohibuit,
512 2600 610 2659 sed
644 2599 967 2672 generaliter
1003 2605 1058 2656 in
1080 2604 1315 2659 secundo
1350 2598 1641 2657 affinitatis
1658 2617 1823 2672 gene-

173 2688 225 2729 re
260 2691 335 2731 nu
376 2677 493 2730 tias
534 2671 777 2740 permisit
798 2714 816 2742 ,
850 2685 960 2740 cap.
993 2684 1106 2740 pen.
1142 2689 1315 2741 extra,
1348 2670 1411 2726 de
1446 2690 1604 2727 coma
1669 2674 1821 2728 uinis.

172 2742 234 2803 (a
266 2764 303 2797 a
364 2745 574 2813 nitate,
608 2747 701 2797 vix
735 2753 838 2812 est,
872 2754 934 2798 ut
968 2743 1106 2811 apud
1137 2759 1234 2797 nos
1271 2741 1523 2799 adversus
1559 2755 1617 2796 ta
1641 2748 1690 2798 ia
1710 2759 1821 2797 ma·-

171 2816 436 2871 trimonia
473 2813 549 2871 de
585 2808 704 2882 jure
723 2811 1124 2879 respondeatur,
1158 2812 1449 2882 magisque,
1467 2816 1512 2868 si
1530 2812 1823 2871 dissuaderi

172 2895 466 2955 nequeant,
503 2881 869 2950 permittenda
904 2884 1033 2954 sint,
1067 2883 1222 2938 Avus
1250 2901 1303 2950 p.
1339 2898 1495 2937 mem.
1534 2880 1822 2940 Gisbertus

127 3006 134 3013 .
175 2951 400 3012 Voetius
435 2955 662 3021 politica
695 2953 976 3008 ecclesias-t.
1009 2968 1123 3022 par.
1170 2970 1213 3008 1.
1234 2949 1323 3006 tib.
1362 2947 1413 3007 5.
1434 2954 1593 3009 trabi.
1629 2970 1649 3007 1
1662 2992 1676 3009 .
1697 2955 1817 3010 recl.

175 3036 223 3077 22
260 3041 375 3094 cap.
417 3023 493 3082 -5.
534 3045 580 3096 q.
637 3021 689 3079 5.
728 3023 889 3081 Adde
924 3019 994 3078 D.
1032 3021 1335 3080 iohannem
1368 3019 1713 3105 aFSomeren
1749 3022 1816 3078 de

175 3096 298 3155 iure
330 3112 687 3151 novercarum
721 3107 836 3161 cap.
885 3091 964 3150 15.
987 3093 1110 3149 rell.
1156 3110 1198 3148 1.
1219 3112 1371 3150 num.
1408 3103 1460 3146 o.
1497 3090 1637 3148 Ant.
1675 3088 1821 3149 Mat-

174 3160 369 3222 thxum
404 3163 474 3218 de
508 3160 817 3219 criminibus
868 3162 907 3219 Ι.
942 3159 1027 3231 48.
1064 3180 1106 3218 t.
1144 3158 1196 3219 3.
1233 3183 1281 3219 c.
1315 3177 1367 3232 7.
1402 3182 1457 3219 n.
1494 3162 1581 3221 26.
1623 3158 1819 3220 Henn-

175 3250 292 3289 cum
328 3232 610 3291 Brouwer
646 3233 711 3287 de
733 3232 869 3302 jure
919 3231 1139 3289 cannah.
1178 3232 1267 3290 lib.
1307 3248 1357 3287 2.
1396 3247 1514 3302 cap.
1556 3231 1637 3290 15.
1673 3251 1727 3287 n.
1764 3229 1816 3302 4.

176 3301 279 3361 Cui
310 3319 655 3372 consequens
686 3313 803 3370 est,
837 3314 899 3358 ut
933 3300 1089 3374 longe
1123 3306 1295 3376 magis
1330 3303 1529 3372 nuptiae
1577 3305 1818 3373 permitti

177 3371 404 3430 debeant
442 3382 594 3431 inter
624 3389 733 3444 eos,
767 3372 939 3441 quiin
974 3371 1516 3430 secundoastinitatis
1549 3390 1740 3445 genere
1759 3375 1815 3429 in

179 3439 316 3500 linea
350 3442 663 3501 collaterali
696 3460 751 3500 se
776 3442 1008 3499 invicen
1044 3448 1388 3516 contingunt,
1421 3445 1535 3502 sive
1573 3456 1706 3500 tunc
1725 3455 1808 3499 ta·

180 3508 254 3568 les
283 3515 417 3586 sint,
492 3517 553 3569 ui
587 3511 689 3570 sibi
724 3513 963 3568 invicem
1003 3513 1312 3570 viderentur
1349 3526 1628 3582 parentum
1661 3531 1726 3570 ac
1747 3512 1816 3568 li·

179 3578 423 3643 berorum
482 3601 587 3641 oco
622 3600 770 3652 esse,
808 3583 925 3640 sive
960 3580 1124 3640 aliter
1155 3584 1389 3641 secundo
1421 3580 1709 3642 affinitatis
1723 3600 1817 3654 ge-

183 3669 301 3713 nete
333 3655 442 3712 sibi
478 3651 656 3726 juniii
689 3666 814 3710 sunt
835 3694 854 3724 ,
888 3651 939 3708 d.
976 3669 1090 3723 cap.
1118 3666 1231 3720 pen.
1269 3670 1461 3722 extra,
1495 3653 1560 3709 de
1593 3673 1813 3709 coman-

174 3727 311 3791 Ιςιιὶη.
344 3723 415 3786 (9·
449 3720 647 3795 affinit.
682 3718 810 3796 Qua
846 3724 1057 3780 ratione
1089 3722 1394 3781 subsistunt
1427 3729 1621 3794 nuptia
1675 3728 1816 3780 inter

183 3808 261 3848 me
292 3798 347 3854 δε
388 3797 615 3855 viduam
652 3788 839 3850 fratris
873 3793 1056 3852 uxoris
1091 3811 1240 3862 mex,
1276 3796 1410 3853 ut&
1447 3796 1593 3852 inter
1627 3811 1712 3849 me
1732 3796 1813 3849 vi-

183 3860 439 3935 duamque
473 3856 654 3934 patrui
689 3862 777 3921 vel
810 3861 1064 3927 avunculi
1117 3868 1303 3920 uxoris
1353 3881 1519 3934 meae3
1573 3863 1832 3932 idemque·

183 3930 243 3988 de
275 3937 481 3992 caeteris
514 3931 784 3992 similibus
816 3935 1038 3992 secundi
1088 3936 1298 4007 generis
1346 3952 1435 4003 per
1488 3928 1814 3991 affinitatem

180 3999 646 4081 qoniunfiionibus
680 4001 944 4075 judicium
973 4017 1109 4060 esto.
1150 3999 1415 4063 Henricus
1453 4001 1723 4062 Brouver
1750 4002 1813 4058 de

175 4089 296 4137 1¹¹²·
328 4076 704 4134 connubiorum
740 4071 830 4130 lib.
866 4089 930 4148 a.
955 4090 1070 4144 cap.
1112 4070 1195 4130 15.
1211 4096 1267 4131 n.
1294 4092 1374 4131 io.
1411 4070 1521 4133 Res
1594 4092 1688 4131 nsa
1721 4070 1811 4131 Ju-

182 4141 544 4230 ristona-par.
581 4162 634 4200 2.
670 4144 849 4201 consil.
905 4141 1026 4201 255.
1077 4139 1422 4214 Responsum
1471 4142 1526 4202 Τ

1459 117 1561 189 Dc
1593 120 1747 188 Ritu
1786 114 2218 205 Nuptiarum-

1868 1082 1874 1088 ·
1889 1053 2151 1113 dissoluta
2187 1056 2361 1124 imped

3341 134 3438 210 ²9

1894 220 1995 269 tim
2018 233 2114 283 per
2125 208 2435 271 Hollandie
2455 210 2692 271 Ordines
2706 206 2995 270 definitum
3011 210 3338 283 inveniatur,
3359 213 3538 269 solam

1892 284 2220 353 durantem,
2256 301 2365 339 non
2389 286 2520 339 item
2555 298 2728 358 morte
2747 281 2992 354 conjugis
3005 280 3307 340 extineiam
3343 280 3536 338 affini-

1895 366 2069 411 tatem
2101 354 2492 421 impedimento
2523 373 2656 423 esse,
2689 372 2797 425 quo
2816 355 2994 409 minus
3027 349 3220 409 affines
3262 354 3372 409 duo
3390 357 3447 407 in
3469 371 3535 409 u-

1895 441 2028 481 num
2051 424 2290 495 idemque
2307 422 2591 494 collegium
2607 425 2898 481 secundum
2921 421 3269 490 plurimorum
3289 421 3536 479 locorum

1894 506 2101 551 statuta
2155 507 2496 565 cooptentur,
2531 496 2743 550 etiamsi
2777 511 2848 550 ex
2870 495 3231 548 niatrimonio
3265 490 3531 550 dissoluto

1894 564 2067 634 proles
2100 569 2344 634 supersit,
2380 564 2568 619 Flacit.
2604 562 2873 620 Ordt'num
2908 563 3052 618 Hali.
3091 559 3176 617 5ο.
3199 564 3334 631 Sept.
3377 560 3533 621 1666.

1892 632 2047 691 vois.
2064 636 2248 703 placit.
2281 633 2428 689 Holl.
2455 650 2503 701 ρ.
2525 632 2616 701 42.
2653 632 2906 704 (exceptis
2940 636 3027 702 iis,
3064 634 3161 701 qui
3193 633 3423 706 collegio
3438 633 3536 692 de-

1894 706 2191 775 legatorum
2230 700 2537 761 Honandiae
2572 705 2841 762 Ordinum
2876 700 3217 761 adscribendi
3253 718 3399 775 sunt,
3437 702 3537 761 ubi

1892 778 1945 832 81
1981 775 2237 832 dissoluta
2274 772 2517 830 affimtas
2553 779 2610 830 in
2651 774 2886 832 secundo
2922 776 3074 842 quasi
3093 774 3264 842 gradu
3303 775 3532 839 immeli-

1894 854 2080 902 mento
2115 857 2214 915 est,
2252 846 2536 900 Imm-abin
2575 864 2680 901 van
2714 843 2778 899 de
2833 843 3301 899 Gecommi.·1eerde
3338 843 3533 899 Rudent

1891 934 2001 969 van
2035 915 2247 973 Hollan.
2284 911 2338 982 4.
2375 913 2554 971 Oc‘lob.
2582 913 2733 985 1670.
2773 929 2877 969 art.
2907 931 2953 970 1.
2989 913 3042 968 d:
3065 913 3167 971 vol.
3206 909 3257 969 3.
3276 930 3392 987 pag.
3412 912 3537 986 92.)

1892 998 2071 1040 tamen
2105 997 2369 1057 quantum
2405 986 2474 1042 ad
2515 987 2733 1053 nuptias
2767 991 2964 1041 attinet
2984 1026 3001 1053 ‚
3034 980 3276 1040 affinitas
3307 985 3533 1043 demum

2365 1058 2625 1112 imenturn
2659 1069 2867 1112 struere
2902 1068 3106 1123 potest3
3140 1071 3267 1110 cum
3304 1052 3399 1109 illa
3433 1057 3532 1114 ad-

1892 1121 1998 1181 huc
2035 1124 2306 1195 durante,
2346 1127 2541 1193 nuptie
2577 1142 2643 1182 ert
2678 1144 2746 1183 eo
2781 1130 2854 1180 im
2962 1130 3143 1180 iantur
3164 1166 3183 1195 ,
3235 1125 3381 1198 quod
3414 1131 3536 1197 quis

1889 1195 2076 1252 eodem
2111 1206 2352 1263 tempore
2384 1194 2518 1251 duas
2554 1212 2745 1252 uxores
2780 1196 2849 1251 ha
2893 1214 2985 1252 ere
3022 1208 3267 1264 nequeat,
3303 1214 3401 1252 nec
3420 1213 3532 1254 una

1888 1262 2098 1322 duobus
2131 1267 2318 1323 eodem
2352 1278 2590 1334 tempore
2627 1282 2791 1335 nupta
2826 1285 2958 1336 esse,
2991 1258 3042 1338 6.
3077 1265 3132 1321 6.
3167 1264 3233 1327 (5
3254 1279 3302 1333 7.
3347 1265 3529 1327 Inruit.

1888 1333 1940 1391 b.
1977 1349 2022 1390 r.
2059 1333 2127 1390 de
2159 1339 2353 1404 nuptiit
2378 1374 2397 1405 ,
2430 1341 2639 1393 etiamsi
2677 1351 2796 1404 post
2828 1335 3145 1393 dissolutam
3199 1334 3530 1395 affinitatem

1889 1402 2037 1464 aliud
2073 1411 2481 1464 matrimonium
2514 1410 2656 1462 inter
2691 1407 2964 1474 quondam
2999 1400 3223 1461 affinem
3252 1409 3309 1464 &
3343 1422 3528 1465 extra-

1890 1492 2054 1532 neum
2089 1476 2466 1547 intercesserit,
2510 1475 2776 1533 Brouwer
2808 1477 2861 1532 d.
2897 1475 2987 1533 lib.
3026 1494 3076 1531 2.
3115 1494 3228 1545 cap.
3272 1476 3353 1533 15.
3390 1498 3442 1534 n.
3477 1474 3530 1535 8.

1957 1540 2051 1602 55.
2089 1541 2356 1618 Quamvis
2390 1553 2603 1615 insuper
2639 1566 2810 1619 neque
2841 1564 2913 1603 ex
2932 1545 3059 1603 solis
3076 1546 3412 1616 sponsalibus
3430 1566 3528 1605 na·-

1889 1627 2070 1691 scatur
2109 1614 2385 1687 affinitas,
2420 1633 2457 1671 n
2623 1634 2688 1674 ex
2725 1617 3128 1687 concubinatu,
3161 1616 3339 1674 aliove
3387 1620 3529 1677 citra.

1890 1688 2294 1743 matrimonium
2327 1704 2501 1743 concu
2542 1690 2624 1743 itu
2659 1683 2881 1755 illicito,
2916 1705 2977 1744 ar
3015 1729 3031 1743 .
3068 1689 3104 1742 l.
3141 1708 3245 1744 non
3268 1684 3438 1761 facile
3473 1689 3528 1758 4.

1889 1747 1941 1827 6.
1980 1756 2253 1814 sciendum
2285 1754 2336 1812 8.
2423 1798 2435 1811 .
2473 1755 2539 1811 de
2564 1755 2773 1832 gradib.
2810 1756 2878 1820 &
2911 1705 3104 1831 aspaih.
3161 1771 3345 1815 tamen
3403 1764 3530 1826 quia

1890 1832 2154 1884 incertum
2187 1840 2289 1898 est,
2427 1843 2586 1896 quem
2619 1846 2782 1898 usque
2815 1832 3019 1887 amoris
3052 1832 3280 1899 gradum
3317 1848 3530 1898 proces—

1887 1895 2059 1954 serint
2094 1897 2466 1966 nupturientes
2482 1902 2660 1967 sponsi
2676 1917 3003 1972 sponsaeque,
3039 1915 3103 1953 ac
3124 1897 3344 1955 illicitus
3359 1900 3528 1958 etiam

1891 1966 2216 2025 antecedens
2248 1966 2570 2024 concubitus
2602 1963 2792 2037 efficit,
2827 1981 2888 2026 ut
2923 1981 3114 2027 contra
3136 1970 3391 2037 pudorem
3426 1986 3526 2025 na-

1887 2035 2117 2094 turalem
2155 2056 2251 2106 per
2286 2039 2722 2110 matrimonium,
2753 2055 2878 2095 cum
2910 2040 3228 2109 stupratoris
3245 2052 3524 2108 stuprata.-

1890 2126 1952 2164 ve
1988 2109 2296 2179 propinquo
2312 2106 2670 2179 subsecutum,
2702 2110 2983 2182 detegatur
3001 2127 3143 2181 aeque
3162 2111 3383 2168 nuditas
3401 2128 3527 2180 pro-

1887 2180 2228 2250 pinquorum,
2263 2195 2329 2234 ac
2363 2179 2420 2237 id
2441 2194 2510 2237 ex
2543 2178 2828 2236 subsecuto
2845 2198 2962 2249 post
2997 2182 3212 2248 nuptias
3227 2180 3535 2239 concubitu

1888 2246 2183 2306 interdieio
2213 2250 2474 2321 contigit:
2513 2248 2642 2307 hinc
2674 2251 2881 2319 optima
2914 2252 3127 2308 ratione
3158 2254 3519 2309 constitutum
3593 2292 3599 2297 ·

1888 2316 2014 2389 fuit,
2048 2324 2150 2376 etsi
2166 2331 2460 2392 constaret,
2498 2339 2598 2378 nec
2631 2338 2882 2389 sponsam
2902 2319 3002 2376 filii
3037 2338 3234 2379 nurum
3251 2341 3382 2394 esse,
3420 2340 3521 2378 nec

1886 2394 2052 2456 patris
2085 2405 2332 2459 sponsam
2367 2406 2653 2446 novercam
2684 2410 2828 2460 esse,
2863 2390 3058 2463 reaius
3092 2404 3272 2450 tamen
3309 2398 3365 2452 81
3403 2389 3519 2460 iure

1887 2456 2122 2516 faeiat-os
2155 2478 2266 2530 eos,
2300 2460 2391 2529 qui
2425 2458 2497 2517 ab
2530 2457 2837 2530 hujusmodi
2877 2468 3077 2528 nuptiis
3108 2460 3475 2520 abstinuerint
3499 2505 3521 2534 ,

1881 2523 1937 2603 §.
1976 2530 2028 2585 si
2056 2550 2190 2587 uxor
2222 2544 2276 2601 9.
2316 2528 2497 2586 lust».
2531 2528 2581 2586 b.
2618 2547 2659 2586 t.
2696 2527 2817 2588 Nec
2866 2532 3215 2589 matrimonia
3260 2535 3522 2591 videntur

1885 2601 2245 2667 permittenda
2281 2600 2425 2657 inter
2458 2612 2815 2669 stupratorem
2851 2605 2908 2661 81
2944 2615 3194 2672 stupratae
3228 2618 3521 2678 cognatam

1885 2668 2071 2741 talem,
2103 2685 2237 2744 qut,
2271 2671 2318 2728 si
2352 2688 2468 2728 non
2505 2684 2769 2743 stuprum,
2802 2673 2892 2731 sed
2928 2668 3092 2744 iustaer
3112 2677 3308 2743 nupti-s
3346 2681 3516 2733 inter-

1880 2746 2176 2813 cessissent,
2210 2741 2284 2800 ob
2317 2738 2672 2812 affinitatem,
2707 2760 2779 2799 ex
2816 2746 3020 2813 nuptiis
3054 2747 3352 2814 orientem,
3378 2743 3513 2803 fuis-

1881 2824 1960 2869 set
2007 2830 2041 2868 a
2096 2813 2445 2870 matrimonio
2476 2818 2792 2882 stupratoris
2823 2817 3093 2882 arcenda3
3125 2819 3211 2871 uti
3265 2834 3361 2872 nec
3399 2818 3514 2874 vice

1881 2899 2030 2938 versa
2064 2881 2211 2942 inter
2241 2896 2541 2952 stupratam
2575 2885 2630 2942 &
2666 2888 2984 2953 stupratoris
2999 2901 3309 2958 cognatum,
3343 2887 3510 2944 simili

1882 2951 2035 3012 arao
2067 2955 2409 3024 cognationis
2443 2971 2588 3011 nexu
2621 2959 2912 3022 stupratori
2944 2953 3292 3022 devinaum3
3326 2959 3374 3013 si
3388 2975 3511 3013 mo-

1877 3020 1953 3079 do
1982 3023 2056 3081 de
2087 3038 2272 3093 stupro
2304 3023 2527 3104 indubie
2558 3027 2883 3084 constiterit.
2917 3027 3144 3085 Certum
3178 3034 3362 3096 utique
3408 3041 3515 3097 est,

1882 3107 1993 3147 non
2029 3094 2192 3151 modo
2222 3109 2292 3151 ex
2328 3100 2482 3161 justis
2517 3099 2738 3165 nuptiis,
2769 3098 2860 3155 sed
2894 3099 2951 3156 &
2987 3113 3058 3154 ex
3099 3114 3235 3168 vago
3251 3096 3514 3155 concubi-

1880 3175 1941 3218 tu
1972 3161 2387 3222 descendentem
2521 3167 2818 3237 nationem,
2851 3168 3201 3224 matrimonia
3236 3169 3516 3240 impedire,

1880 3231 1915 3287 Ι.
1952 3230 2020 3294 Θ·
2055 3231 2194 3290 nibil
2223 3235 2437 3291 interest
2577 3229 2654 3304 ff
2686 3234 2735 3290 b.
2774 3253 2816 3293 t.
2853 3237 3079 3296 Certum
3112 3256 3321 3310 quoque
3338 3279 3359 3307 ,
3393 3255 3507 3297 non

1877 3314 2096 3359 tantum
2128 3320 2198 3359 ex
2234 3307 2619 3374 matrimonio,
2650 3307 2743 3365 sed
2776 3310 2833 3366 ὅτ
2865 3323 2932 3364 ex
2970 3313 3142 3365 vetito
3172 3327 3299 3366 cum
3333 3325 3507 3367 mere-

1878 3373 2014 3428 trice
2043 3390 2438 3453 congressuseu
2472 3373 2836 3436 fornicatione
2851 3394 2974 3435 eam
2993 3375 3507 3452 nasciaffinitatem,

1876 3457 1994 3510 quae
2024 3460 2095 3500 ex
2217 3448 2260 3502 is
2293 3445 2559 3505 Canonici
2595 3460 2856 3518 praecepto
2891 3450 3095 3517 nuptiis
3119 3449 3505 3518 impedimento

1874 3525 1994 3582 est,
2029 3531 2077 3568 c.
2151 3554 2166 3569 .
2202 3535 2252 3571 c.
2289 3514 2342 3574 5.
2377 3536 2428 3573 c.
2460 3513 2514 3573 6.
2551 3536 2596 3573 c.
2633 3514 2683 3573 8.
2721 3538 2875 3575 extra
2923 3518 2987 3581 dc,-
3021 3539 3115 3589 eo,
3147 3522 3239 3590 qui
3269 3526 3503 3593 cognovit

1876 3586 2320 3656 consanguineam
2357 3590 2534 3644 uxor-ir
2568 3607 2675 3644 ma
2710 3589 2802 3645 vel
2825 3606 3036 3662 προπερ,
3069 3609 3113 3645 c.
3135 3605 3181 3647 a.
3208 3610 3362 3647 exem
3384 3587 3507 3662 ,Ἅι

1874 3670 2114 3728 com-ang.
2151 3654 2218 3718 &
2252 3652 2397 3728 affin.
2435 3655 2808 3731 Conarruvias
2829 3658 2895 3715 de
2926 3661 3267 3717 matrimonio
3297 3674 3411 3727 par.
3448 3680 3501 3718 2.

1874 3738 1988 3792 cap.
2024 3719 2076 3779 6.
2112 3719 2167 3800 6.
2206 3739 2260 3797 7.
2296 3747 2348 3782 n.
2387 3721 2439 3782 5.
2516 3724 2637 3784 Nec
2671 3726 2914 3807 dubium,
2948 3736 3076 3802 quin
3098 3727 3211 3799 jure
3247 3727 3504 3790 Romano
3542 3777 3550 3787 .

1875 3809 2036 3863 prope
2073 3797 2370 3854 necessaria
2406 3793 2568 3854 fuerit
2588 3800 2920 3872 confunfflo,
2955 3809 3000 3857 si
3036 3819 3099 3859 ea
3156 3819 3268 3871 quae
3307 3802 3364 3857 in
3402 3820 3499 3871 pa-

1875 3864 2025 3920 troni
2063 3859 2238 3922 fuerat
2272 3865 2665 3937 concubinatu,
2699 3869 2896 3928 deinde
2915 3868 3013 3927 filii
3036 3844 3124 3928 vei

1870 3930 2076 3990 cubina
2097 3953 2208 3994 esse
2237 3938 3032 4007 coepisset,&iffeoi=uius1nodi
3065 3940 3275 4000 facinus
3311 3942 3500 4013 prohi-

1874 4000 2108 4061 bendum
2128 4002 2312 4079 fiacrit,
2344 4025 2409 4062 ac
2426 4009 2598 4078 stupri
2635 4027 2788 4077 poena,
2819 4013 3191 4083 coercendum,
3227 4011 3261 4068 l.
3291 4030 3334 4069 1.
3355 4008 3408 4086 6.
3427 4017 3500 4070 η’-

1872 4091 1980 4145 qua
2002 4069 2057 4130 5.
2073 4071 2140 4148 ff
2158 4074 2599 4158 deconqubim‘iyl:
2624 4077 2835 4149 liherici.
2858 4082 2914 4137 C.
2937 4080 3033 4138 bs.
3058 4080 3500 4158 Expeditunlcie-

1631 4143 1813 4217 logica
1875 4149 2055 4216 nique,
2089 4163 2100 4200 1

181 4205 448 4273 &usitatis
479 4213 781 4288 Leydensis
802 4256 821 4286 ,
853 4217 911 4274 &
947 4212 1056 4270 alia
1052 4209 1322 4298 juridica
1356 4214 1493 4271 inter
1529 4213 1630 4269 Ra
1665 4257 1680 4277 ,
1718 4215 1809 4271 Iu·
1870 4224 2011 4272 tates
2046 4233 2100 4274 111

184 4281 293 4337 rirc.
328 4285 623 4416 Hol}.⁸}ar.
663 4279 716 4342 3.
753 4285 853 4343 vol.
899 4303 945 4341 1.
981 4282 1160 4342 camel.
1204 4280 1319 4356 107.
1340 4282 1408 4346 (9⁹
1442 4304 1573 4356 “qq-

182 4345 234 4416 4.
264 4357 437 4414 comr'l.
597 4354 664 4420 δ’

322 4445 449 4485 ven
485 4447 622 4484 cem.
682 4447 755 4481 ον.
790 4441 907 4494 ραν.
952 4444 998 4482 1.
1035 4423 1124 4481 lib.
1154 4443 1201 4483 1.
1237 4439 1349 4493 cap.
1396 4419 1476 4481 15.
1512 4445 1565 4480 n.
1604 4418 1689 4480 23.
1712 4441 1801 4493 2...

1693 4300 1809 4352 par.
1869 4278 2100 4345 efficisse

764 4378 811 4412 ν.
846 4352 897 4412 5.
935 4355 1113 4413 comit.
1176 4352 1293 4414 106.
1327 4371 1442 4428 pag.
1499 4354 1632 4410 mibi
1687 4352 1810 4466 555.
1860 4350 1935 4424 θ’.
1957 4352 2006 4410 b.
2028 4373 2100 4413 1.1

1868 4442 2053 4482 servor
2055 4444 2100 4485 ui

253 4487 339 4561 54.
362 4494 513 4556 Licet
530 4510 717 4555 autem
733 4494 994 4554 dissoluto
1011 4497 1353 4553 matrimonii
1382 4493 1621 4564 vinculo,
1642 4500 1810 4553 etiam
1870 4493 2010 4563 rint,
2039 4513 2100 4552 au

189 4560 436 4623 dissoluta
470 4568 605 4630 intel
632 4567 646 4581 ⁶
719 4578 807 4623 tur
843 4563 1106 4635 affinitas,
1137 4572 1214 4623 sic
1249 4578 1310 4622 ut
1347 4563 1665 4638 regulariter
1699 4579 1809 4622 sta·
1869 4577 2100 4627 sentane

194 4642 383 4706 tutum,
410 4638 542 4710 quid
578 4654 673 4705 pro
718 4635 867 4694 'bens
903 4650 1116 4706 propter
1147 4631 1498 4706 affinitatem,
1529 4635 1597 4694 de
1623 4630 1809 4694 affini·
1868 4646 1930 4690 tu
1963 4635 2100 4704 quai<

200 4713 307 4761 tate
339 4713 636 4770 et'mmnum
670 4707 899 4766 durante
932 4704 1302 4779 accipiendum
1335 4711 1425 4778 sit‘,
1458 4723 1521 4764 ac
1552 4705 1806 4764 nomina·
1866 4703 2100 4778 carpzov

442 4846 464 4873 Ι

3141 3871 3349 3940 nepotis
3365 3891 3501 3932 con-
3573 3874 3585 3885 '
3662 3874 3663 3881 ’
