3971 5383
517 311 859 368 constituerit
882 350 899 378 ,
932 310 1001 367 de
1035 309 1409 368 communibus
1442 315 1550 367 suis
1585 327 1648 365 ac
1683 327 1922 369 novercae
1971 311 2130 367 bonis

517 383 744 440 eandem
782 381 989 438 dedisse
1024 383 1233 439 censeri
1268 381 1453 450 debet,
1489 400 1554 437 ex
1592 383 1875 439 ratione&
1894 377 2008 451 iure
2041 400 2128 436 so-

518 452 730 507 cietatis
765 449 1118 508 universalis:
1158 453 1236 506 it'a
1294 462 1509 521 tamen,
1546 463 1609 506 ut
1644 454 1787 521 apud
1837 469 1935 508 nos
1970 450 2130 507 liberi

518 522 598 575 sic
633 521 833 590 dotati,
853 533 968 588 post
1007 524 1170 588 patris
1203 519 1424 580 obitum
1449 522 1615 576 matri
1647 540 1751 577 suae
1773 520 1856 579 vel
1894 538 2132 576 noverca

515 586 762 652 conferre
798 603 1101 660 teneantur,
1134 609 1248 660 qu:
1281 592 1427 650 dotis
1461 590 1626 648 titulo
1659 597 1931 648 consecuti
1967 605 2132 657 sunt3

516 658 605 715 vel
641 659 832 716 saltem
869 661 1024 728 pati,
1058 673 1117 715 ut
1155 663 1300 727 prius
1352 659 1554 727 conjux
1606 673 1868 730 superstes
1906 671 2133 718 tantun-

515 729 642 788 dem
673 746 744 786 ex
783 745 952 783 massa
986 731 1260 786 communi
1297 731 1576 800 percipiat,
1611 745 1906 802 antequam
1943 731 2014 787 ad
2051 750 2133 787 re-

527 815 650 854 rum
683 802 1046 854 communium
1080 800 1411 856 divisionem
1431 800 1763 868 procedatur.
1804 799 2153 857 Collationis

516 871 668 930 enim
702 886 735 923 a
770 880 973 923 statuto
1005 869 1264 936 impositae
1302 872 1591 926 necessitas
1630 867 1758 925 facit
1780 911 1799 941 ,
1836 882 1898 928 ut
1931 857 2030 924 dos
2051 883 2134 925 ta-

519 939 589 994 lis
623 936 871 992 videatur
907 939 1106 994 iterum
1141 938 1212 995 ad
1246 955 1585 997 communem
1621 956 1852 995 massam
1888 940 2136 1010 rediisse,

515 1006 755 1074 adeoque
810 1004 921 1075 ,iure
991 1009 1267 1063 societatis
1300 1008 1622 1066 universalis
1654 1005 1872 1081 conjugi
1925 1010 2139 1080 utrique

519 1083 823 1134 communis
856 1072 1044 1133 effecta
1084 1074 1284 1144 fuisse3
1321 1077 1613 1137 secundum
1648 1095 1745 1150 ea,
1780 1098 1893 1150 qux
1947 1084 2008 1136 in
2045 1083 2133 1135 eit.

513 1163 604 1218 pro
642 1150 770 1201 rocio
805 1165 1010 1202 numer.
1031 1144 1081 1214 A„
1121 1148 1392 1215 disputata
1428 1160 1570 1205 sunt.
1608 1145 1736 1221 Qut>
1771 1164 1953 1206 tamen
1990 1167 2135 1218 casu,

516 1218 562 1274 si
598 1214 756 1273 liberi
789 1232 823 1270 a
861 1227 1080 1284 paterna
1135 1214 1436 1274 hereditate
1473 1218 1617 1275 velut
1669 1220 1927 1276 damnosa
1964 1219 2134 1278 absti-

514 1288 760 1344 nendum
795 1296 984 1353 putent
1007 1327 1024 1357 ,
1061 1283 1204 1342 nihil
1239 1287 1298 1343 in
1335 1288 1568 1346 medium
1601 1285 1849 1346 conferre
1886 1305 2134 1349 teneren-

471 1395 479 1404 .
517 1370 630 1425 tur,
667 1352 790 1413 licet
826 1353 968 1410 nihil
989 1356 1222 1412 vicissim
1256 1373 1425 1414 mater
1459 1372 1557 1416 aut.
1591 1376 1820 1414 noverca
1859 1374 2137 1430 perceptu-

519 1439 582 1481 ra
615 1441 795 1491 esset3
828 1425 876 1480 si
911 1427 1072 1484 modo
1107 1424 1248 1481 nihil
1282 1426 1411 1484 dolo
1464 1425 1612 1483 malo
1633 1467 1650 1498 ,
1689 1446 1925 1487 noverca
1984 1425 2136 1487 frau-

520 1495 708 1551 dande
744 1501 956 1565 gratia,
976 1500 1031 1550 in
1072 1496 1206 1555 dote
1238 1497 1619 1554 constituenda
1655 1511 1865 1569 gestum
1898 1502 1973 1557 sit
1998 1521 2024 1567 ,-
2055 1504 2137 1558 uti

441 1609 450 1616 .
525 1561 739 1633 plenius
773 1567 1073 1622 excutietur
1113 1566 1171 1620 in
1208 1570 1294 1622 tie.
1331 1568 1398 1621 de
1431 1567 1696 1623 collation.

601 1633 679 1690 16.
708 1632 874 1690 Plane
905 1638 951 1690 si
990 1632 1141 1691 liberi
1177 1634 1319 1694 bona
1354 1639 1568 1706 propria
1610 1636 1863 1711 habeant,
1886 1636 2033 1697 licet·
2055 1635 2135 1704 fu·

522 1722 579 1762 re
611 1701 761 1760 civili
793 1720 977 1776 pater,
1016 1705 1205 1762 iisdem
1257 1708 1438 1764 dotem
1471 1707 1839 1780 constituens,
1880 1713 1937 1764 in
1971 1707 2140 1766 dubio

519 1774 831 1830 crederetur
864 1776 934 1831 de
968 1791 1067 1830 suo
1101 1791 1221 1831 eam
1254 1782 1609 1844 constituisse,
1643 1777 1681 1831 Ι.
1718 1777 1815 1832 ult.
1850 1794 1960 1846 port
1998 1775 2135 1833 med.

522 1844 581 1899 C.
617 1842 682 1897 de
716 1841 850 1899 dotis·
885 1847 1124 1913 promia.
1160 1847 1217 1903 &
1253 1850 1307 1899 in
1348 1847 1488 1903 hanc
1539 1841 1868 1904 sententiain
1918 1865 2139 1919 respon-

521 1930 640 1969 sum
674 1914 746 1969 sit
785 1912 1045 1982 Respons.
1083 1914 1270 1974 Jurisc.
1298 1910 1443 1970 Hou.
1476 1929 1611 1983 part.
1634 1932 1684 1971 2.
1722 1919 1901 1974 contii.
1935 1934 2055 1975 220.
2084 1922 2140 1973 in

503 1980 626 2054 fine
646 2024 664 2050 ,
696 1985 754 2040 &
792 1981 1105 2055 iudicatum,
1139 1981 1521 2057 Mynsingerus
1554 2003 1688 2042 cent.
1724 1986 1778 2043 5.
1818 1987 2011 2045 obrem.
2052 1984 2137 2042 32.

417 2103 431 2112 .
523 2074 575 2112 n.
599 2069 650 2107 2.
687 2065 868 2109 tamen
909 2052 1070 2110 hodie
1103 2070 1227 2111 eum
1262 2071 1348 2110 ma
1389 2061 1430 2111 is
1463 2072 1627 2127 quam
1664 2068 1905 2115 tutorem
1943 2057 2139 2114 libero-

522 2139 648 2181 rum
680 2134 775 2178 aut
807 2123 1302 2180 administratorem
1373 2142 1405 2181 e
1438 2125 1729 2184 liberorum
1765 2125 1921 2185 bonis
1953 2129 2141 2186 dotem

523 2194 583 2248 in
620 2190 872 2264 ambiguo
905 2194 1079 2250 videri
1113 2194 1434 2265 promisisse,
1465 2197 1675 2263 optimo
1711 2191 1822 2263 fure
1854 2198 2138 2256 contendit

523 2261 839 2320 Groenewe
874 2279 944 2317 en
984 2261 1068 2317 ad
1092 2264 1129 2319 l.
1166 2263 1262 2319 ult.
1287 2265 1339 2318 C.
1358 2263 1423 2318 de
1458 2264 1594 2320 dotis
1624 2269 1977 2336 promis-tione,
2004 2265 2135 2322 Abr.

523 2349 559 2388 a
598 2331 794 2390 Wesel
867 2353 896 2386 e
931 2331 1147 2388 connub.
1186 2332 1355 2389 societ.
1391 2335 1548 2392 tull.
1572 2349 1620 2389 a.
1657 2351 1826 2404 capa.
1860 2356 2012 2393 num.
2052 2334 2138 2405 24.

527 2400 618 2458 25.
653 2400 741 2457 26.
780 2415 865 2471 27.
911 2399 975 2457 D.
1011 2401 1128 2460 Jo'h.
1185 2420 1219 2458 a
1256 2402 1519 2461 Someren
1572 2403 1639 2459 de
1680 2408 1816 2479 jure
1867 2424 2137 2464 novet-car.

527 2486 638 2540 cap.
672 2469 725 2529 6.
767 2472 891 2527 sen.
937 2489 981 2527 1.
1018 2491 1165 2529 num.
1187 2471 1240 2540 4.
1282 2471 1574 2532 Prmertim
1609 2476 1655 2530 si
1690 2476 2017 2545 consideres,
2054 2495 2139 2532 ra-

524 2543 735 2599 tionem
768 2539 924 2599 dista
958 2540 996 2596 Ι.
1031 2542 1131 2599 ult.
1167 2542 1220 2596 C.
1258 2540 1324 2597 de
1356 2543 1493 2599 dotir
1523 2546 1764 2613 promis-5.
1802 2552 2141 2630 potissimum

521 2618 580 2670 in
615 2628 683 2670 eo
714 2612 1026 2682 consistere,
1059 2610 1202 2684 quod
1237 2626 1516 2679 paternum
1553 2627 1688 2673 esset
1723 2613 1968 2673 officium
1988 2657 2007 2686 ,
2041 2615 2140 2673 do·

523 2697 633 2741 tem
671 2699 766 2751 pro
800 2699 897 2738 sua
931 2680 1062 2739 dare
1103 2687 1405 2757 ¹progenie,
1438 2685 1677 2755 adeoque
1730 2700 1882 2756 pater
1940 2691 2142 2744 invitus

526 2750 776 2820 compelli
810 2754 1064 2821 potuerit,
1097 2766 1158 2810 ut
1192 2771 1487 2827 congruam
1526 2756 1647 2815 filie
1688 2755 1915 2815 nubenti
1953 2757 2140 2815 dotem

522 2823 692 2881 daret.
730 2817 863 2890 Qua
899 2827 1043 2877 ratio
1079 2836 1223 2881 nunc
1259 2841 1368 2879 non
1409 2823 1553 2883 ultra
1587 2824 1812 2897 militat,
1829 2827 1961 2885 dum
1995 2829 2138 2897 apud

519 2909 625 2948 nos
658 2893 828 2963 magis
863 2890 1112 2964 invaluit,
1150 2891 1375 2951 liberum
1409 2900 1547 2965 patri
1583 2898 1851 2969 matrique
1884 2914 2033 2967 esse,
2070 2914 2141 2952 an

525 2966 584 3021 &
624 2975 880 3029 quantam
916 2962 1084 3019 velint
1125 2960 1301 3021 liberis
1333 2963 1514 3021 dotem
1558 2966 1724 3035 dare,
1760 2968 2000 3034 adeoque
2046 2966 2143 3023 do-

526 3033 683 3087 tandi
718 3048 855 3088 onus
893 3050 1003 3089 non
1038 3032 1269 3101 amplius
1303 3050 1334 3088 a
1370 3030 1497 3101 juris
1533 3038 1866 3103 necessitate,
1899 3034 1995 3092 sed
2031 3052 2144 3092 me-

527 3118 590 3158 ra
626 3113 908 3171 parentum
941 3099 1528 3171 liberalitatependere.
1550 3101 1834 3162 Leeuwen
1871 3124 2009 3160 cem.
2024 3100 2140 3173 for.

522 3187 666 3242 part.
693 3187 739 3225 1.
777 3167 895 3225 libr.
923 3188 965 3226 1.
1002 3186 1119 3241 cap.
1150 3189 1231 3228 10.
1268 3193 1415 3230 eum.
1452 3173 1550 3230 ult.
1589 3172 1794 3231 Wesel
1825 3172 1890 3228 de
1923 3174 2140 3232 connub.

529 3242 705 3297 societ.
741 3238 794 3295 d.
829 3241 989 3297 trac‘i'.
1027 3256 1077 3296 2.
1116 3257 1226 3311 cap.
1273 3260 1317 3299 1.
1357 3261 1573 3300 numero
1614 3239 1690 3299 18.
1728 3242 1797 3305 Θ·
1849 3263 1983 3316 seqq.
2026 3245 2145 3303 lmo

527 3327 643 3370 uno
676 3323 894 3367 tantum
930 3311 990 3366 in
1026 3328 1149 3368 casu
1184 3310 1421 3370 moribus
1459 3315 1660 3370 nostris
1694 3328 1903 3382 patrem
1937 3312 2011 3372 ad
2043 3316 2143 3373 do-

531 3394 646 3438 tem
664 3392 958 3507 conffiruam
993 3378 1114 3438 filia
1146 3380 1385 3439 dandam
1422 3382 1696 3453 compelli,
1714 3382 1954 3451 pluribus
1988 3402 2142 3445 exse.

529 3452 713 3523 quitur
808 3451 1019 3508 enricus
1059 3449 1322 3509 Brouwer
1357 3451 1423 3507 de
1442 3452 1578 3525 jure
1608 3451 1899 3510 connubior.
1937 3454 2054 3511 libr.
2093 3472 2141 3511 2.

533 3538 645 3590 cap.
674 3516 752 3588 14.
788 3540 1006 3602 nupero
1040 3516 1127 3591 37.
1164 3522 1383 3588 quindo
1419 3538 1607 3588 nempe
1640 3521 1838 3580 liberos
1871 3523 2143 3594 majoren-

527 3611 629 3648 nes
660 3607 785 3648 suos
820 3590 1024 3656 injuria
1061 3589 1312 3659 prohibet
1344 3607 1563 3648 uxorem
1594 3593 1790 3650 ducere
1842 3608 1938 3650 aut
1976 3596 2143 3654 nube·

532 3659 771 3732 re,6rob
808 3660 864 3715 id
900 3657 1057 3717 liberi
1093 3659 1231 3717 tales
1264 3659 1587 3720 aquritate
1621 3660 1833 3730 publica
1854 3668 2140 3737 magistra-

531 3744 621 3788 tus
655 3734 1003 3789 matrimonia
1033 3729 1405 3802 contrahunt,
1437 3731 1573 3789 dum
1602 3746 1752 3801 pater
1805 3731 1981 3792 nullas
2014 3735 2145 3793 alle-

533 3812 663 3873 gare
698 3798 841 3855 valet
874 3799 1222 3867 dissentiendi
1255 3818 1461 3875 causas,
1496 3817 1598 3858 nec
1633 3801 1803 3860 alium
1841 3801 2027 3862 liberis
2062 3809 2145 3864 di-

533 3885 703 3942 gnum
738 3885 990 3938 sponsum
1024 3884 1338 3939 sponsamve
1368 3887 1492 3929 cum
1524 3870 1670 3929 dotis
1690 3871 1777 3930 vel
1795 3888 2007 3942 propter
2044 3896 2145 3935 nu-

536 3943 677 4010 ptias
729 3939 1045 3997 donationis
1096 3937 1411 3998 sufficientis
1465 3943 1817 4008 promissione
1867 3941 2044 4002 offisrt.
2085 3946 2146 4004 Si

536 4026 717 4067 tamen
772 4008 1086 4078 ampliorem
1140 4022 1290 4079 pater
1337 4011 1523 4069 dotem
1573 4015 1916 4069 constituerit
1936 4054 1954 4085 ,
1988 4033 2147 4085 quam

537 4076 889 4148 patiebantur
939 4080 1079 4136 vires
1132 4083 1482 4151 patrimonii,
1515 4084 1585 4140 ad
1641 4080 1840 4139 liberos
1881 4084 2147 4144 dotandos

539 4149 887 4219 pertinentis,
925 4165 1033 4203 non
1068 4149 1292 4209 aliunde
1324 4168 1488 4222 quam
1520 4152 1589 4209 de
1623 4153 1731 4207 suis
1766 4156 2015 4227 propriis,
2052 4169 2146 4213 aut

539 4224 712 4288 posita
745 4221 1129 4278 communione
1161 4218 1472 4295 coniugali,
1506 4222 1575 4279 de
1607 4223 1987 4282 communibus
2039 4233 2148 4285 suls

535 4294 596 4348 ¹&
631 4290 822 4345 uxoris
856 4309 959 4346 suae
995 4288 1151 4346 bonis
1190 4293 1355 4350 videri
1391 4303 1568 4362 potest
1621 4293 1958 4364 promisisse,
1996 4297 2146 4354 inde-

573 4380 642 4418 ue
675 4359 816 4431 quod
866 4361 1012 4417 deest
1044 4359 1282 4429 supplere
1332 4363 1543 4435 cogitur
1564 4400 1582 4431 ‚
1615 4374 1678 4418 ut
1717 4359 1876 4420 fidem
1919 4378 2148 4433 prestet.

538 4380 626 4490 ἵει
662 4443 782 4500 post
836 4429 970 4485 alios
1001 4447 1035 4484 a
1075 4430 1269 4488 Wesel
1304 4431 1368 4486 de
1423 4428 1640 4488 connub.
1691 4437 1863 4488 reciet.
1897 4438 2058 4492 traH.
2096 4455 2146 4493 2.

543 4515 653 4569 cap.
701 4519 747 4557 1.
783 4519 999 4559 numero
1017 4495 1105 4567 54.
1141 4497 1304 4572 Quod
1338 4508 1382 4558 si
1414 4519 1477 4559 ea
1512 4503 1721 4558 ratione
1755 4504 2020 4577 privignae
2056 4526 2146 4565 su-

541 4588 638 4643 pra
675 4572 818 4627 vires
847 4571 933 4628 sui
986 4571 1296 4637 patrimonii
1328 4571 1527 4629 dotata
1580 4570 1690 4626 sint
1726 4589 1760 4626 a
1797 4579 2027 4648 vitrico,
2064 4577 2148 4635 vel

542 4662 576 4699 a
615 4645 826 4709 propria
864 4650 1037 4695 matre
1070 4657 1136 4697 ex
1171 4658 1434 4699 consensu
1493 4641 1713 4711 vitrici,
1750 4642 1832 4699 vel
1866 4661 1900 4698 a
1936 4654 2153 4717 proprio
2208 4662 2383 4707 meret

1714 223 1854 284 Lib.
1908 219 2153 284 XXIII.

2208 221 2329 283 Tit.
2383 219 2498 282 m.

2190 309 2406 368 versalis
2445 310 2708 367 bonorum
2747 310 3087 378 communio,
3124 307 3183 366 id
3215 305 3359 381 quod
3395 324 3503 365 non
3542 305 3819 377 reperitur

2191 382 2251 434 in
2284 375 2582 439 liberorum
2617 376 2938 447 substantia,
2972 396 3083 434 non
3118 394 3186 433 ex
3222 378 3406 433 vitrici
3442 380 3817 448 promittentis

2192 461 2288 507 aut
2339 467 2579 508 novercae
2633 449 3059 517 consentientis,
3100 447 3191 503 sed
3228 457 3446 504 tantum
3497 466 3566 505 ex
3606 446 3818 516 proprii

2192 517 2429 589 parentis
2463 519 2657 577 binubi
2693 517 2776 575 vel
2825 514 3038 574 binubae
3093 514 3250 572 bonis
3299 516 3664 586 supplendum
3699 530 3817 581 est;

2191 607 2315 645 cum
2348 605 2634 647 consensus
2673 591 2849 644 vitrici
2886 586 2989 643 hoc
3021 603 3148 642 casu
3185 599 3403 644 tantum
3439 589 3513 644 sit
3549 587 3819 644 solemni-

2194 673 2314 728 tas,
2350 657 2560 719 afflbns
2592 677 2684 729 per
2719 673 2943 715 utorem
2993 656 3226 726 legitime
3278 656 3526 727 gerendis
3578 674 3648 712 ac
3684 674 3817 713 eon-

2195 728 2473 786 trahendis
2510 730 2891 798 necessaria,&
2929 743 3162 782 noverca
3196 727 3549 785 consentiens
3588 724 3819 781 honoria

2195 816 2322 870 ergo
2357 799 2545 882 magis,
2579 813 2739 867 quam
2774 807 2834 853 ut
2868 816 2924 853 se
2958 799 3016 855 ἃ
3051 813 3147 851 sua
3181 793 3467 868 obligaret,
3503 802 3813 854 consensis·

2196 887 2249 925 se
2288 867 2654 940 intelligatur:
2692 879 2784 923 aut
2819 879 2961 923 certe
2997 872 3053 920 in
3090 881 3306 921 omnem
3340 880 3612 922 eventum
3651 870 3807 921 vitri-

2195 957 2288 995 cus
2323 955 2385 993 ac
2433 954 2660 993 noverca
2695 952 2957 992 consensu
3010 950 3257 992 suo.non
3295 934 3441 991 ultra
3475 935 3585 992 sibi
3626 933 3816 1004 μαῖα·

2195 1010 2376 1065 dicare
2410 1005 2639 1063 voluisse
2670 1005 2885 1064 dicendi
2919 1006 3069 1071 sint,
3104 1017 3267 1072 quam
3317 1016 3586 1073 quatenus
3644 1017 3821 1063 stante

2197 1082 2545 1133 matrimonio
2577 1074 2838 1132 carebunt
2874 1072 3137 1131 reditibus
3164 1072 3310 1130 illius
3380 1079 3692 1144 uantitatis,
3716 1092 3822 1142 quz

2197 1147 2267 1207 ad
2301 1165 2398 1215 sup
2436 1146 2655 1204 lendum
2707 1145 2851 1202 dotis
2888 1145 3151 1212 promisse
3196 1093 3473 1201 cumu‘lum
3507 1144 3820 1202 desiderata

2195 1229 2332 1275 erat.
2370 1167 2577 1274 &ufer
2617 1212 2685 1271 D.
2724 1213 2983 1271 Someren
3020 1211 3085 1267 de
3117 1216 3243 1281 jure
3294 1232 3565 1271 novercas.
3618 1231 3733 1283 cap.
3770 1212 3820 1282 4.

2202 1288 2324 1344 m‘J.
2372 1304 2415 1343 1.
2456 1305 2508 1341 n.
2547 1302 2597 1341 2.
2637 1284 2707 1347 Ψ
2741 1304 2874 1356 seqq.
2950 1339 2963 1348 ἣ

2276 1370 2355 1427 17.
2394 1354 2495 1412 Est
2529 1365 2713 1412 autem
2745 1356 2844 1413 dos
2880 1351 2991 1408 alia
3025 1357 3296 1409 ars-rimata
3316 1389 3335 1418 ,
3372 1353 3485 1413 alia
3522 1357 3819 1412 inarimo-
3908 1383 3919 1400 ·

2198 1441 2298 1497 τας
2334 1447 2446 1499 qur.
2480 1427 2679 1483 divisio
2712 1427 3047 1494 potissimum
3083 1426 3142 1478 in
3176 1425 3335 1480 titulo
3367 1423 3427 1479 de
3451 1424 3639 1495 fienda
3677 1425 3825 1480 dou-

2200 1498 2242 1552 li
2275 1513 2431 1555 usum
2485 1496 2762 1565 inveniet,
2802 1498 2860 1552 81
2893 1508 2959 1551 ex
2997 1505 3147 1561 parte
3181 1492 3483 1563 explicatur
3538 1495 3695 1551 infra
3742 1495 3829 1551 bu·

2201 1567 2284 1622 tit.
2322 1587 2373 1622 n.
2424 1579 2502 1639 19.
2542 1562 2642 1622 Est
2675 1569 2731 1625 81
2772 1564 2855 1620 vel
2894 1582 3025 1620 vera
3106 1561 3189 1619 vel
3222 1567 3520 1638 putativa,
3557 1565 3738 1623 veluti
3774 1571 3829 1621 in

2200 1638 2546 1714 matrimonio
2581 1634 2868 1706 illegitimo
2888 1675 2906 1704 ‚
2942 1636 2999 1691 &
3032 1604 3163 1689 dote
3194 1633 3485 1712 prelegata
3511 1678 3529 1704 ,
3563 1653 3693 1704 quar
3724 1652 3830 1691 11011

2198 1721 2318 1766 erat
2354 1718 2652 1763 numerata.
2690 1704 2817 1762 Alia
2855 1703 3074 1771 insuper
3113 1721 3406 1759 numerata
3440 1706 3539 1763 dos
3577 1719 3685 1777 est,
3720 1703 3834 1760 alia

2200 1797 2368 1834 cauta
2388 1819 2405 1849 ,
2438 1785 2602 1848 quam
2655 1774 2860 1831 scilicet
2892 1774 3078 1830 datam
3111 1792 3244 1842 esse,
3281 1772 3560 1832 dotalibus
3615 1777 3827 1850 instru-

2202 1848 2396 1907 mentis
2428 1852 2793 1914 conscriptum
2825 1856 2944 1913 est,
2995 1859 3120 1899 cum
3169 1846 3416 1903 nondum
3470 1842 3586 1903 ulla
3644 1846 3830 1910 datio,

2200 1919 2292 1978 sed
2330 1914 2658 1985 pollicitatio
2692 1925 2910 1970 tantum
2949 1909 3089 1970 fa&a
3124 1925 3293 1970 esset.
3427 1929 3499 1969 uo
3531 1932 3667 1972 casu
3725 1931 3832 1970 non

2206 1999 2498 2048 numeratae
2551 1986 2696 2043 dotis
2763 1985 3011 2050 exceptio
3064 1984 3326 2052 repetenti
3419 1998 3571 2041 otem
3608 2025 3627 2055 ,
3706 1995 3824 2041 tan·

2239 2074 2365 2115 uam
2402 2067 2762 2124 numeratam,
2796 2056 2995 2120 opponi
3033 2065 3209 2121 potest
3247 2055 3394 2110 intra
3450 2069 3668 2110 annum
3723 2057 3834 2122 qni-

2201 2076 2327 2186 dem
2361 2144 2393 2182 a
2428 2127 2609 2183 soluto
2643 2127 2995 2179 matrimonio
3027 2127 3073 2178 si
3114 2120 3253 2179 illud
3289 2140 3399 2179 non
3436 2126 3661 2180 steterit
3700 2124 3837 2180 ultra

2204 2197 2523 2260 biennium3
2558 2196 2700 2251 intra
2739 2207 2843 2250 tres
2860 2196 3157 2261 menses,si
3192 2190 3491 2249 illudintra
3509 2193 3840 2252 decennium

2201 2274 2269 2324 sit
2303 2264 2620 2323 dissolutum
2637 2282 2663 2330 ,·
2695 2268 2779 2320 sin
2854 2275 2995 2319 ostea
3016 2304 3033 2331 ,
3073 2259 3230 2319 nullo
3268 2263 3446 2332 modo,
3483 2264 3518 2316 l.
3538 2266 3604 2318 in
3637 2262 3839 2319 dotali-

2199 2336 2294 2394 bm
2329 2332 2380 2392 5.
2418 2335 2486 2398 <5
2520 2333 2672 2391 autb.
2693 2353 2792 2406 quo
2863 2333 3035 2388 locum
3048 2325 3127 2387 ΤΣ.
3148 2329 3213 2387 de
3250 2331 3368 2387 dote
3401 2349 3574 2389 caum
3610 2352 3839 2390 nonun-

2204 2423 2420 2463 memca
2454 2403 2633 2461 novell.
2662 2419 2775 2459 100.
2810 2415 2922 2468 cap.
2935 2403 3253 2476 generaliter
3284 2418 3334 2457 a.
3357 2403 3464 2457 nisi
3502 2415 3698 2470 postea
3732 2419 3841 2459 ma·

2204 2484 2337 2534 ritus
2371 2478 2481 2544 ipse
2529 2474 2783 2543 suscipiat
2820 2470 3193 2540 probationem
3250 2490 3361 2528 non
3399 2469 3554 2529 fauae
3593 2490 3841 2531 numera·

2201 2548 2370 2603 tionis
2402 2556 2722 2617 argumento
2738 2557 2944 2612 eorum,
2978 2558 3094 2615 quae
3129 2543 3198 2600 de
3229 2547 3545 2611 exceptione
3584 2560 3703 2599 non
3742 2561 3839 2600 nu-

2202 2629 2426 2675 meratae
2460 2615 2694 2686 pecuniae
2726 2610 2871 2671 dieta
2908 2616 2967 2667 in
3000 2615 3082 2667 tit.
3102 2610 3167 2667 de
3200 2611 3307 2667 reb.
3328 2611 3542 2669 creditit
3580 2607 3839 2670 num-35.

2202 2683 2290 2755 54.
2312 2685 2365 2745 N
2368 2683 2640 2745 eostadius
2672 2683 2738 2739 de
2752 2683 2924 2753 ρσὲῖἰν
2959 2699 3229 2755 antenupt.
3251 2682 3447 2741 obrem.
3478 2700 3499 2740 1
3518 2701 3564 2742 1.
3584 2682 3837 2747 &ginno-

2202 2761 2291 2830 τὶν,
2327 2757 2396 2814 ad
2435 2752 2620 2825 verba,
2654 2758 2804 2812 intra
2819 2752 3147 2824 decennium,
3188 2752 3369 2825 Papon
3405 2752 3574 2810 libm
3584 2749 3639 2809 3.
3679 2758 3767 2811 tit.
3788 2752 3838 2823 4.

2204 2831 2259 2884 in
2297 2826 2511 2897 append.
2534 2845 2698 2881 aner.
2726 2841 2807 2881 10.
2832 2821 3025 2882 Wesel
3058 2823 3126 2879 de
3159 2822 3377 2881 connub.
3398 2828 3578 2880 societ.
3602 2826 3768 2882 traeoq.
3788 2841 3838 2881 2.

2201 2914 2313 2967 cap.
2338 2915 2381 2953 1.
2418 2893 2678 2953 num.63.
2716 2893 2784 2957 <5
2819 2914 2949 2966 seqq.
2973 2893 3154 2964 Plane,
3188 2898 3235 2952 si
3273 2912 3386 2951 non
3423 2907 3647 2952 tantum
3682 2909 3840 2952 cauta

2201 2970 2298 3026 dos
2334 2969 2438 3033 sit,
2466 2967 2557 3024 sed
2593 2976 2786 3036 prater
2823 2962 3213 3023 confessionem
3250 2966 3625 3023 instrumento
3658 2964 3832 3022 dotali

2205 3033 2403 3099 faciam
2438 3039 2651 3102 insuper
2704 3032 2909 3102 apocha
2949 3048 3237 3094 numerata
3270 3035 3417 3093 dotis
3466 3041 3767 3103 separatim
3798 3052 3830 3091 a

2204 3107 2402 3163 marito
2438 3105 2644 3163 tradita
2682 3117 3033 3176 proponatur,
3070 3122 3140 3161 ne
3172 3105 3385 3173 quidem
3405 3106 3558 3161 intra
3597 3119 3621 3161 1

2204 3173 2450 3244 praediaa
2478 3178 2791 3243 exceptioni
2829 3191 2939 3232 non
2979 3191 3270 3235 numerata
3303 3178 3448 3245 dotis
3484 3174 3638 3231 locus
3670 3190 3774 3245 est,
3805 3176 3840 3230 Ι.

2203 3249 2263 3302 in
2295 3243 2650 3302 contraHibut
2675 3263 2691 3301 1
2744 3286 2757 3300 .
2776 3239 2832 3321 §.
2854 3244 2950 3299 red
2972 3248 3225 3317 quoniam
3245 3265 3288 3301 1.
3327 3250 3385 3302 in
3403 3245 3526 3317 fine
3561 3246 3620 3301 C.
3643 3244 3716 3300 de
3747 3265 3843 3300 non

2202 3333 2468 3374 numerat.
2485 3329 2664 3384 pecua.
2741 3314 2847 3373 uod
2868 3317 2926 3374 81
2944 3313 3186 3396 moribus
3205 3315 3839 3388 hodiernitcongruunx

2204 3400 2465 3457 quatenus
2497 3384 3033 3444 mariti&heredum
3066 3403 3179 3453 erus
3212 3384 3580 3456 praeiudicinm
3617 3385 3840 3449 ulim-

2203 3458 2516 3514 metationis
2540 3450 2876 3514 consessione
2889 3455 3331 3524 comprehensum
3360 3470 3462 3525 est,
3497 3452 3843 3515 Groeueve·

2236 3547 2303 3585 en
2342 3524 2424 3580 ad
2448 3528 2534 3582 tit.
2573 3524 2697 3581 cod.
2717 3523 2783 3580 de
2814 3524 2933 3581 dote
2965 3544 3130 3582 cama
3165 3546 3268 3584 non
3304 3541 3599 3584 numerata
3618 3568 3637 3599 ‚
3686 3531 3751 3584 in
3774 3542 3841 3597 ρ.

2237 3596 2510 3655 'reditores
2542 3600 2691 3655 enim
2742 3596 2887 3668 quod
2921 3602 3119 3654 attinet
3164 3598 3353 3653 mariti
3387 3593 3723 3654 confitentis
3743 3638 3763 3669 ,
3793 3596 3843 3652 hi

2206 3666 2358 3724 nullo
2389 3666 2651 3734 temporis
2683 3663 2832 3735 lapsu
2851 3665 3168 3726 excludendi
3209 3667 3480 3738 videntur,
3518 3683 3630 3736 quo
3665 3671 3840 3726 mimis

2207 3736 2567 3794 hacutantur
2602 3752 2711 3793 non
2750 3751 3040 3795 numerata
3057 3738 3200 3795 dotis
3232 3744 3572 3807 exceptione,
3606 3740 3652 3793 si
3690 3739 3845 3796 doee-

2205 3825 2262 3863 re
2278 3808 2502 3876 possint,
2523 3808 2918 3862 numerationis
2933 3824 3036 3862 con
3044 3807 3329 3865 sessionem
3347 3809 3689 3866 creditorum
3710 3805 3847 3865 fran-

2204 3876 2510 3935 dandorum
2542 3880 2719 3947 gratia
2774 3873 2975 3934 fatiam
3009 3896 3139 3948 esse,
3173 3895 3287 3948 arg.
3320 3879 3357 3934 Ι.
3378 3899 3534 3946 nam,
3565 3891 3845 3952 postqum

2203 3958 2254 4018 9.
2290 3941 2339 4021 §.
2380 3944 2476 4001 sed
2500 3963 2552 4001 ee
2590 3945 2637 4000 η’
2668 3949 2786 4017 quir
2819 3946 2871 4003 5.
2901 3943 2972 4016 ffl
2991 3947 3056 4002 de
3078 3948 3463 4021 jurejurando,
3497 3953 3555 4007 81
3593 3964 3693 4004 tot.
3714 3966 3761 4006 r.
3829 3990 3842 4002 .

2204 4036 2314 4088 que
2350 4019 2408 4072 in
2424 4012 2623 4089 fraud.
2643 4014 2997 4088 credit.faHae
3016 4036 3159 4088 sunt,
3193 4038 3251 4075 ut
3288 4023 3454 4078 restit.
3476 4014 3699 4079 Consu·

2209 4087 2455 4143 και-(111111
2505 4085 2571 4140 dr
2600 4085 2803 4155 probae.
2841 4089 3061 4145 conclu.
3100 4086 3223 4147 562.
3273 4080 3465 4148 Wesel
3500 4090 3572 4145 de
3628 4090 3841 4147 cmaeb.

2206 4161 2376 4212 societ.
2410 4156 2568 4213 eran.
2605 4172 2652 4211 2.
2678 4176 2756 4213 ca
2791 4197 2803 4211 .
2838 4153 2890 4213 5.
2927 4179 3077 4215 num.
3131 4166 3250 4219 11’1.
3287 4176 3341 4241 qt
3375 4179 3510 4233 reqq.
3547 4157 3845 4234 (Dissentit

2242 4239 2471 4285 uantum
2524 4227 2595 4285 ad
2629 4244 2730 4283 con
2756 4232 3016 4286 essionem
3064 4232 3246 4297 mariti
3304 4234 3537 4298 furatam
3598 4232 3847 4290 Andreas

2294 4294 2373 4371 yl.
2394 4295 2481 4352 lib.
2505 4311 2554 4353 2.
2591 4294 2787 4355 observ.
2824 4295 2916 4354 81.
2952 4298 3239 4373 num.'9.).
3279 4299 3396 4360 Imo
3431 4318 3545 4360 non
3574 4304 3847 4360 immerito

2206 4367 2372 4424 aliam
2405 4372 2689 4438 exegerint
2725 4373 3109 4431 munerationis
3129 4373 3518 4441 probationem,
3551 4390 3727 4443 quam
3747 4392 3846 4457 qua

2206 4437 2438 4507 simplici
2472 4435 2680 4504 apocha
2716 4441 2901 4495 mariti
2936 4441 3321 4510 comprehensa
3358 4456 3459 4498 est.
3495 4442 3688 4515 Atque
3720 4444 3843 4500 lunc

2204 4515 2415 4565 cautius
2449 4503 2720 4565 faiiuram
2753 4522 2994 4582 uxorem,
3027 4530 3140 4582 quae
3157 4514 3339 4571 dotem
3370 4512 3728 4573 sibitsalvam
3763 4532 3845 4583 pa·

2208 4576 2293 4636 &a
2332 4590 2444 4649 est,
2477 4578 2525 4633 si
2558 4590 2741 4635 coram
2774 4579 3068 4639 tabellione
3100 4586 3158 4641 &
3194 4582 3416 4640 testibus
3447 4583 3637 4642 dotem
3672 4588 3843 4645 adm—

2455 4645 2542 4704 vel
2574 4647 2837 4716 apocham
2871 4667 2905 4707 a
2942 4650 3257 4720 parentibus
3288 4658 3345 4714 &
3381 4656 3705 4725 propinquis
3738 4672 3846 4710 me-

616 4726 698 4767 tre
730 4727 796 4767 ex
831 4727 1092 4766 consensu
1128 4728 1387 4782 noverca,
1421 4729 1543 4770 cum
1579 4712 1722 4770 inter
1756 4710 2024 4772 binubum
2056 4732 2150 4777 aut
2212 4721 2307 4775 riti
2343 4690 2644 4789 subsignari
2677 4730 2849 4793 curet,
2881 4735 3065 4778 monet
3100 4722 3299 4782 Wesel
3336 4724 3400 4781 de
3435 4726 3654 4784 cannah.
3674 4728 3843 4782 mire.

545 4729 808 4847 &nubam
837 4781 893 4839 31
934 4780 1186 4837 vitricum
1221 4779 1310 4847 vel
1364 4798 1650 4843 novercam
1705 4798 1815 4842 non
1851 4800 1993 4846 esset
2029 4794 2151 4847 uni·
2209 4789 2373 4851 tna.
2391 4804 2441 4847 a.
2478 4803 2597 4859 cap.
2621 4805 2668 4849 1.
2691 4809 2840 4850 num.
2861 4788 3166 4865 656637.
3203 4790 3673 4866 Respomjurisc.
3698 4792 3843 4855 Hesi.
