3971 5383
164 257 228 318 ris
262 250 628 313 fundamentis
663 253 992 320 conveniens
1022 260 1102 320 est
1171 250 1342 310 filiam
1379 251 1770 319 emancipatam

161 321 238 395 fus
269 322 399 382 illud
436 321 725 391 repe-tende
766 322 917 379 dotis
954 291 1268 388 profegiitix
1324 321 1468 399 quod
1504 325 1769 379 exercuis-

163 407 236 455 eet
270 398 378 465 ipsa
413 397 456 448 si
493 394 727 460 vixisset,
764 393 886 449 cum
905 394 1107 450 ceteris
1142 363 1395 449 omnibus
1429 389 1629 458 iuribus
1661 395 1773 449 suis

162 467 226 524 ad
258 479 374 524 suos
411 461 580 519 videri
617 464 970 520 transmisisse
997 475 1339 521 successores
1393 459 1640 531 Denique
1673 480 1774 532 pro

162 536 258 593 ha'c
289 532 417 592 facit
453 535 747 605 sententia,
783 534 925 603 quod
960 551 999 586 a
1033 529 1203 606 Paulo
1219 531 1609 592 Jurisconsu‘lto
1641 539 1771 591 scri-

165 615 305 677 ptum
323 616 500 674 est,eo
517 620 664 673 casu,
684 622 790 673 quo
812 599 924 662 filia
946 605 1281 672 emancipata
1303 617 1403 672 est,
1420 622 1521 659 uno
1541 621 1670 659 caru
1699 601 1779 660 ad

156 687 351 750 patrem
387 673 739 758 rssrediporse
756 673 950 744 dotem,
985 675 1019 726 l.
1042 683 1188 741 patei·
1207 672 1340 746 filia
1369 688 1451 744 71.
1472 666 1558 745 ff
1579 661 1643 727 de
1660 677 1772 729 evi-

161 748 305 806 tzion.
341 764 434 816 qui
472 761 611 801 unus
643 759 797 802 casus
831 757 930 814 est,
967 744 1011 799 si
1051 756 1225 812 pater,
1258 745 1442 806 dotem
1477 745 1614 800 dans
1655 742 1772 806 filix

165 821 526 883 emancipat-e,
570 827 811 882 tempore
844 814 1084 873 dationis
1117 830 1238 871 eam
1272 812 1372 869 sibi
1413 814 1563 873 reddi
1599 815 1772 884 stipu-

159 887 291 944 latus
322 887 421 954 sit,
469 899 532 940 ut
570 898 717 952 patet
756 903 822 941 ex
858 886 1048 952 novell.
1065 895 1151 955 97.
1188 897 1302 950 ιᾏρ.
1319 883 1368 941 5.
1391 886 1447 939 in
1481 899 1554 951 pr.
1593 888 1646 941 ὅ(
1684 903 1773 941 su-

160 973 247 1029 pra
284 956 385 1024 iam
421 951 634 1028 dieium
661 967 759 1010 est.
795 951 987 1023 Neque
1023 953 1092 1010 ab
1127 951 1229 1010 hac
1264 956 1536 1011 sententia·
1570 953 1776 1011 alienus

159 1027 360 1084 videtur
398 1022 709 1082 Fachineus
761 1027 1154 1082 controversias.
1213 1022 1299 1080 lib.
1336 1020 1388 1079 5.
1428 1037 1540 1094 cap.
1579 1037 1663 1094 71.
1719 1029 1775 1079 in

160 1096 435 1154 meddam
469 1111 672 1164 censet,
693 1095 876 1152 dotem
915 1091 1277 1164 profeffltiam
1313 1091 1426 1166 jure
1459 1097 1644 1163 patriae
1682 1103 1775 1162 po-

158 1173 359 1225 testatis
412 1166 486 1223 ad
543 1180 749 1235 patrem
801 1167 998 1222 reverti
1053 1164 1230 1222 soluto
1284 1169 1632 1222 matrimonio
1685 1182 1776 1232 per

157 1250 378 1293 mortem
416 1233 540 1292 filie
580 1237 634 1290 in
674 1248 939 1305 potestate
961 1232 1302 1304 positae,licet
1340 1233 1495 1294 liberi
1534 1233 1662 1291 filie
1682 1235 1774 1290 de·

158 1304 341 1368 sunan
376 1312 831 1373 supersint3non
871 1308 1000 1362 item
1033 1311 1082 1362 si
1121 1304 1229 1360 filia
1265 1313 1604 1373 emancipata
1642 1305 1776 1360 libe-

159 1380 227 1434 ris
261 1373 462 1434 reliffls
499 1376 559 1432 in
598 1377 948 1432 matrimonio
1003 1376 1280 1434 moriatur.
1321 1373 1426 1436 His
1463 1394 1592 1433 vero
1645 1394 1774 1432 con·

158 1452 379 1505 trarium
415 1463 529 1502 non
567 1459 645 1502 est
683 1444 1018 1512 Responsum
1056 1441 1276 1514 Ulpiani
1322 1448 1378 1506 in
1418 1447 1453 1502 l.
1493 1448 1542 1517 [ιζ
1561 1443 1688 1516 filia
1726 1444 1776 1503 5.

149 1513 215 1589 ffl
247 1515 309 1573 de
344 1515 611 1586 divortiis,
645 1519 698 1575 ὃ(
735 1517 936 1575 iuliani
976 1517 1033 1570 in
1073 1513 1108 1571 l.
1132 1513 1266 1590 fiiae
1300 1536 1427 1573 φησι
1461 1513 1545 1590 59.
1577 1513 1645 1590 ff
1668 1516 1718 1573 b.
1737 1535 1775 1571 t.

160 1605 276 1647 cum
310 1586 601 1658 utrobique
635 1599 852 1644 tantum
902 1586 1192 1644 definiatur
1214 1630 1233 1659 ,
1269 1586 1362 1643 illo
1398 1587 1454 1643 in
1491 1606 1639 1659 casu,
1675 1606 1779 1657 quo

154 1659 245 1716 dos
316 1652 591 1714 rofeffltia
612 1673 819 1714 mortua
856 1657 913 1711 in
952 1659 1305 1716 matrimonio
1326 1655 1436 1714 filia
1463 1665 1778 1727 ‚emancipa-

153 1744 207 1786 ta
243 1747 270 1784 a
347 1742 565 1798 patrem
602 1730 794 1786 reverti
833 1726 1099 1798 debebat,
1131 1729 1361 1786 eandem
1394 1745 1605 1800 quoque
1642 1730 1778 1801 patri

154 1799 481 1857 reddendam
515 1816 645 1869 esse,
679 1798 770 1854 ubi
809 1797 900 1854 illa
936 1799 1180 1868 divertit,
1218 1810 1312 1854 aut
1347 1800 1626 1867 repudiata
1665 1797 1778 1856 fue·

150 1872 220 1926 rit
258 1887 384 1927 cum
426 1868 675 1937 improbo
709 1883 869 1941 atque
904 1868 1106 1925 callido
1141 1875 1306 1937 patris
1344 1867 1632 1926 fraudandi
1656 1887 1779 1938 pro-

152 1943 341 2009 posito.
380 1934 628 2014 Quando
648 1954 829 1997 autem
867 1941 1062 1997 reverti
1098 1937 1295 1997 debeat
1330 1939 1399 1998 ad
1436 1951 1666 2009 patrem,
1685 1939 1780 1997 ubi

156 2008 266 2066 filia
301 2015 652 2077 emancipata
686 2013 741 2067 in
781 2010 1138 2068 matrimonio
1173 2026 1250 2080 m¹
1292 2023 1385 2068 tua
1419 2021 1523 2080 est,
1541 2028 1650 2066 non
1686 2012 1779 2070 de-

154 2081 340 2140 finitur
378 2079 453 2135 ab
497 2077 735 2148 Ulpiano
769 2093 860 2138 aut
910 2079 1157 2152 JulianO,
1191 2099 1244 2138 se
1315 2077 1536 2138 aliunde
1592 2091 1780 2148 peten-

147 2151 281 2208 dum
315 2164 402 2209 est
425 2192 443 2220 ,
481 2151 536 2207 &
571 2151 783 2216 quidem
822 2151 1080 2219 praecipue
1125 2150 1184 2208 id
1216 2150 1448 2217 explicat
1487 2149 1783 2220 Imperator

156 2219 502 2280 lastinianus
538 2223 596 2275 in
630 2219 682 2276 d.
704 2242 820 2280 nov.
881 2237 929 2294 7.
968 2235 1075 2288 cap.
1095 2218 1147 2277 6.
1185 2221 1243 2277 in
1273 2235 1351 2291 pr.
1386 2233 1537 2292 puta,
1571 2228 1614 2278 si
1635 2235 1782 2292 pater

151 2291 205 2350 td
245 2288 436 2361 patius
474 2295 543 2345 sit
580 2308 691 2360 seu,
727 2305 787 2349 ut
860 2334 872 2347 .
911 2291 1113 2349 novella
1129 2289 1313 2364 habet,
1348 2295 1689 2350 reversionem
1727 2296 1783 2348 in

148 2378 326 2426 semet,
353 2364 531 2430 iprum
551 2354 762 2429 fecerit.
800 2361 982 2440 Atque
1018 2361 1147 2419 hinc
1182 2365 1348 2421 etiam
1367 2364 1508 2421 idem
1524 2362 1778 2423 justinia·-

146 2445 249 2489 nus
285 2437 347 2489 in
382 2432 575 2487 novell.
613 2449 695 2490 22.
738 2449 848 2503 cap.
886 2450 962 2488 ert
993 2454 1095 2505 quo
1127 2453 1189 2489 ue
1231 2448 1312 2506 19.
1347 2452 1376 2489 a
1418 2452 1509 2492 ens
1542 2436 1611 2492 de
1645 2432 1784 2492 libe-

146 2504 241 2568 ris,
276 2503 396 2575 qui,
432 2513 497 2556 ut
535 2516 710 2568 patres
748 2500 1062 2562 fraudarent
1134 2516 1226 2559 ote
1259 2522 1357 2572 pro
1382 2501 1585 2574 eetitia,
1619 2509 1784 2562 simu·

144 2571 344 2629 labant
383 2587 453 2626 ac
493 2567 771 2641 fingebant
805 2573 1061 2636 divortia,
1097 2575 1284 2627 statim
1319 2579 1379 2631 in
1415 2573 1578 2630 initio
1611 2574 1747 2646 dicit
1770 2615 1786 2639 ,

143 2647 199 2700 re
235 2661 452 2710 eorum,
472 2642 566 2709 qui
600 2640 980 2768 subbpotestate
1015 2657 1155 2713 stant,
1177 2642 1500 2701 calliditate,-
1519 2646 1660 2700 τίνι-α
1687 2658 1784 2713 pa-

140 2733 317 2773 rentes
358 2707 584 2768 habitas
616 2726 702 2780 pro
741 2711 889 2768 ibere.
926 2709 1088 2784 Quod
1124 2724 1308 2781 autem
1337 2730 1469 2785 „mox
1505 2710 1778 2783 subiuncti-

143 2800 236 2843 tur
273 2783 453 2840 etiarn
492 2785 702 2838 mentio
737 2786 1212 2853 mancipatorum,
1233 2784 1289 2842 id
1325 2800 1437 2843 non
1472 2782 1582 2841 alio
1617 2772 1786 2841 refer-

141 2859 189 2914 ri
228 2863 442 2925 potest,
463 2868 630 2922 quam
664 2853 734 2910 ad
766 2871 969 2922 casum,
990 2871 1097 2925 quo
1132 2868 1282 2923 pater
1314 2852 1421 2911 sibi
1457 2854 1642 2912 dotem
1664 2871 1786 2924 pro-

145 2925 458 2990 festitiam,
498 2918 620 2980 filie
655 2929 1001 2991 emancipatae
1046 2924 1268 2997 datam,
1301 2922 1788 2991 recidi.stipulatus

144 3010 226 3053 est
255 3015 274 3065 3
309 3012 381 3052 eo
415 2992 565 3064 quod
602 2994 803 3051 ibidem
843 2992 1138 3063 Imperator
1173 3014 1285 3052 non
1322 2994 1485 3052 modo
1533 3008 1748 3064 patrum
1771 3035 1787 3066 ,

144 3067 237 3125 sed
274 3068 336 3125 δε
373 3076 623 3119 matrum
674 3065 826 3127 dotes
859 3062 1149 3137 dantium,
1183 3069 1239 3126 ὅτ
1274 3086 1365 3135 per
1401 3064 1534 3122 tana
1589 3062 1789 3123 callida

144 3136 391 3196 divortia
435 3130 806 3193 fraudatarum
829 3177 848 3203 ,
884 3139 1165 3203 meminit3
1198 3154 1327 3209 quas
1363 3136 1546 3193 tamen
1595 3150 1792 3192 matres

147 3225 263 3266 non
301 3204 474 3261 aliter
515 3200 767 3277 fraudari·
788 3209 1098 3275 expeditum
1130 3220 1248 3292 est,
1283 3224 1446 3275 quam
1480 3208 1527 3262 si
1563 3212 1620 3266 in
1658 3223 1792 3261 con-

147 3277 359 3334 tinenti
380 3277 572 3333 dotem
606 3273 711 3331 sibi
731 3277 884 3333 reddi
919 3275 1081 3346 paEiae
1103 3273 1306 3347 fuerint
1334 3295 1354 3343 3
1392 3292 1518 3334 cum
1552 3270 1791 3347 alioquin

147 3349 297 3407 dotis
334 3345 685 3415 adventitios,
704 3345 884 3427 quales
917 3349 975 3405 δε
1009 3364 1042 3405 a
1076 3360 1250 3405 matre
1281 3345 1599 3429 datae,olim
1634 3352 1791 3414 penes

149 3424 420 3476 maritum
459 3423 840 3486 remanserint,
861 3435 973 3485 jure
1007 3435 1156 3475 novo
1172 3415 1387 3485 mulieri
1420 3430 1514 3475 aut
1548 3435 1664 3484 ejus
1699 3412 1793 3472 he-

149 3487 371 3547 redibus
407 3484 698 3549 reddendae
731 3488 841 3549 sint
866 3527 884 3557 ,
920 3497 979 3542 ut
1013 3505 1171 3557 supra
1203 3486 1494 3558 probatum
1526 3501 1622 3546 est.
1660 3481 1794 3547 Non

148 3560 322 3617 etiam
362 3557 692 3615 adversatur
728 3556 765 3611 l.
803 3561 851 3613 si
885 3552 966 3611 ab*
990 3556 1215 3615 bonibm
1259 3572 1337 3615 ιο.
1357 3554 1570 3630 ffi,b.t.
1609 3552 1797 3626 Neque

148 3633 301 3687 enim
340 3628 424 3686 ibi
451 3628 524 3684 de
558 3632 916 3698 emancipata,
946 3627 1038 3686 sed
1070 3644 1283 3701 esuque
1304 3628 1411 3699 per*
1429 3627 1798 3696 captivitatem

143 3700 388 3758 desierat
429 3698 493 3754 in
531 3699 699 3768 patris
734 3711 997 3764 potestate
1030 3716 1166 3767 esse,
1197 3717 1373 3759 sermo
1406 3711 1524 3766 θεῖς
1560 3715 1624 3754 ac
1659 3715 1798 3755 asse-

147 3771 312 3842 titur,
328 3771 529 3831 dotem
566 3763 931 3835 profestitiam
964 3769 1015 3826 ei
1038 3768 1223 3827 datam
1247 3771 1466 3838 perinde
1486 3769 1555 3827 ad
1590 3780 1799 3837 patrem

150 3842 332 3899 redire
373 3838 685 3909 debere,ac
721 3840 766 3894 si
803 3856 916 3893 non
954 3851 1072 3906 post
1105 3840 1480 3909 captivitatem
1515 3836 1657 3910 apud
1694 3836 1793 3894 ho-

148 3920 294 3984 stes,
331 3908 432 3971 sed
467 3909 708 3967 durante
760 3912 935 3978 patria
972 3920 1270 3983 potestate,
1305 3923 1518 3967 mortua
1574 3904 1800 3974 fuisset3

150 3981 269 4055 lege
304 3980 531 4039 scilicet
564 3977 822 4063 Cornelia
861 3977 1117 4050 fingente,
1143 3996 1268 4056 epm
1302 3981 1476 4048 primo
1499 3979 1800 4047 ‘captivita-

154 4056 230 4110 tis
285 4060 588 4108 momento
639 4047 817 4107 adhuc
854 4050 913 4105 in
964 4049 1192 4109 civitate
1225 4053 1281 4108 &
1317 4061 1579 4121 potestate
1631 4055 1803 4117 patria

147 4124 532 4181 constitutam
567 4115 764 4175 obiisse
782 4142 805 4187 ,-
841 4119 1078 4188 adeoque
1111 4120 1283 4193 magis
1314 4131 1415 4189 ωε,
1432 4130 1493 4176 ut
1527 4118 1639 4174 hec
1657 4117 1696 4175 Ι.
1723 4137 1802 4176 ιο.

150 4206 356 4252 nostrae
397 4190 591 4248 faveat
625 4191 873 4261 opinioni
911 4202 1168 4258 tanquam
1184 4196 1474 4248 continens
1490 4205 1673 4250 casum
1691 4193 1805 4246 sin·-

227 4256 423 4335 laren'r,
451 4267 525 4337 {n
561 4277 687 4331 quo,
722 4259 849 4319 licet
887 4257 995 4315 filia
1016 4260 1089 4318 ob
1122 4260 1498 4330 captivitatem
1533 4274 1658 4316 vere
1693 4277 1805 4319 non

179 4337 323 4394 uerit
367 4332 429 4389 in
470 4342 740 4400 potestzte
762 4373 779 4403 ,
815 4331 953 4399 patri
991 4342 1171 4391 tamen
1208 4328 1351 4389 dotis
1386 4329 1635 4400 repetitio
1685 4348 1806 4403 per,-

151 4408 322 4463 missa
382 4400 556 4479 fuit(
573 4401 793 4471 perinde
828 4404 910 4458 ac*
925 4401 972 4458 si
1010 4398 1119 4458 filia
1157 4404 1213 4459 in
1338 4414 1532 4481 testate
1575 4403 1808 4459 existens

152 4477 305 4534 diem
339 4484 668 4543 supremum
701 4470 1013 4543 obiisset-,Bt
1035 4479 1112 4530 ita
1145 4484 1288 4541 patri
1309 4488 1377 4531 ex
1413 4488 1528 4540 Jure
1562 4469 1807 4531 commu-

156 4549 224 4603 ni
253 4567 352 4606 seu
393 4543 517 4619 jure
537 4546 720 4609 patriae
740 4543 1022 4622 potestatis
1057 4554 1246 4600 natum
1284 4541 1490 4615 fuisset,
1506 4540 1652 4601 dotis
1681 4561 1828 4616 prov

155 4616 390 4676 feffitiae
433 4611 737 4745 Zecfetendae
773 4629 869 4680 jus·
951 4648 956 4657 ι
1355 4628 1361 4635 “

276 4684 438 4760 ,Qu

1141 161 1362 228 Soluto
1392 158 1816 230 Matrimonia
1839 159 1961 226 dos
1995 161 2353 241 quemadm.
2392 165 2510 233 &0-

3238 183 3261 230 ι
3283 179 3374 254 27

1830 251 2096 321 potestate
2132 258 2427 312 constituta
2458 254 2519 314 in
2555 253 2904 310 matrimonio
2936 254 3220 314 decesserit
3245 296 3261 325 ,
3296 256 3465 314 etiam

1830 324 1962 381 t‘unc
2000 339 2185 380 verum
2219 334 2318 392 est,
2338 323 2554 391 quando
2586 342 2652 380 ex
2684 325 3141 381 e0·matrimonio
3178 324 3335 382 liberi
3373 345 3466 388 su-

1831 394 2072 518 perstites
2108 405 2267 458 sunt3
2301 412 2424 452 cum
2458 397 2514 454 8(
2550 391 2739 449 liberis
2771 394 3138 452 existentibus
3175 398 3321 452 ratio
3357 397 3468 451 mi-

1855 467 1976 530 itet,
2010 481 2079 518 ne
2114 466 2183 519 δι’
2208 460 2324 527 filie
2362 469 2415 523 ὅ(
2454 465 2699 535 pecuniae
2733 465 2994 523 damnum
3030 479 3183 534 pater
3219 470 3464 538 sentiat,

1833 537 1876 589 si
1908 549 2089 590 carere
2122 531 2343 594 deberet
2372 537 2515 593 dotis
2548 529 2862 604 proseffltiae
2900 554 2955 596 re
3023 541 3237 606 titione,
3273 550 3471 593 contra

1834 600 1884 659 d.
1926 599 1962 657 l:
1995 601 2049 658 6.
2084 618 2159 671 pr.
2189 600 2263 673 ff:
2299 602 2516 676 dejure
2552 603 2651 665 Aac.
2695 603 2882 674 quue
2955 612 3061 660 acit
3084 648 3103 676 ,
3137 603 3279 678 quod
3331 606 3467 663 olim

1835 673 2035 728 marito
2070 673 2128 727 in
2166 674 2408 746 singulos
2446 674 2641 731 liberos
2677 686 2894 733 tantum
2916 677 3161 743 quintam
3181 678 3326 733 dotis
3348 695 3471 747 pro‘·

1837 739 2047 800 festina&
2086 755 2293 810 partem
2312 748 2540 803 retinere
2560 744 2732 816 licuit,
2752 759 2889 814 teste
2908 742 3146 815 Ulpiano
3183 750 3239 802 in
3247 743 3464 824 fragm.

1834 829 1873 868 t.
1911 811 1976 865 de
2011 811 2211 892 dofibm
2246 813 2299 871 6.
2334 809 2387 890 §.
2427 813 2487 884 4?
2517 816 2760 894 quodque
2811 815 2909 872 illa
2963 819 3204 874 retentio
3253 827 3469 887 propter

1838 882 2033 938 liberos
2069 901 2181 949 mre
2220 901 2366 941 novo
2399 886 2554 943 silere
2589 903 2726 956 jussa
2762 901 2861 957 est,
2895 903 3017 942 cum
3053 893 3160 956 ipse
3199 889 3467 944 naturalis

1835 949 2085 1010 stimulus
2121 969 2363 1024 parentes
2399 958 2467 1014 ad
2502 956 2797 1012 liberorum
2830 974 3049 1014 suorum
3085 956 3465 1015 educationem

1839 1022 2109 1095 hortetur,
2146 1027 2181 1078 l.
2207 1030 2346 1082 unic.
2369 1018 2423 1098 5.
2448 1044 2657 1083 <accan
2681 1025 2733 1082 5.
2755 1027 2806 1080 C.
2827 1026 2892 1080 de
2926 1030 3006 1081 rei
3046 1047 3170 1082 uxor
3206 1032 3315 1083 aii.
3354 1026 3412 1086 Ν
3418 1030 3465 1082 i-

1839 1091 1917 1147 hil
1955 1095 2014 1150 in
2050 1099 2387 1153 contrarium
2426 1097 2662 1162 iaciente
2697 1095 2937 1152 scaevola
2974 1099 3031 1152 iu
3068 1097 3102 1152 l.
3141 1091 3309 1171 ult.§.
3344 1115 3463 1167 pen.

1834 1161 1899 1233 ff.
1938 1178 1998 1220 ut
2036 1164 2082 1216 le
2120 1184 2190 1220 at.
2226 1185 2317 1224 seu
2338 1165 2438 1236 fid.
2478 1188 2606 1224 serv.
2643 1185 2813 1222 caum
2849 1185 3146 1235 caveatur,
3182 1184 3307 1224 cum
3345 1187 3509 1226 nonx

1836 1234 1903 1294 de
1939 1231 2087 1302 profe
2148 1239 2245 1293 itia
2272 1279 2289 1308 ,
2323 1239 2415 1298 sed
2449 1238 2755 1295 adventitia
2788 1238 2916 1294 dote
2951 1251 3076 1311 agat
3097 1277 3114 1305 ,
3150 1239 3233 1293 uti
3269 1240 3354 1296 vel
3400 1257 3470 1297 ex

1837 1322 1904 1366 eo
1938 1303 2121 1377 colligi
2196 1320 2330 1365 otest
2356 1351 2372 1377 ,
2414 1308 2557 1376 quod
2591 1309 2794 1366 dicitur
2826 1309 2967 1382 apud
3001 1312 3259 1364 maritum
3296 1326 3474 1368 rema-

1843 1391 2003 1441 nere3
2039 1395 2109 1446 qu
2213 1379 2281 1436 de
2314 1379 2616 1436 adventitia
2652 1376 2781 1434 dote
2818 1389 3056 1448 tempore
3076 1377 3323 1436 scevolae
3344 1382 3476 1435 sirn-

1840 1444 2055 1513 pliciter
2087 1465 2269 1510 vermi
2304 1463 2463 1514 erat3
2501 1449 2568 1506 d:
2606 1443 2916 1515 profeehtia
2981 1463 3089 1507 non
3128 1448 3282 1520 item,
3311 1453 3474 1520 quip-

1840 1534 1903 1586 pe
1937 1533 2009 1572 ex
2029 1535 2134 1590 qua
2171 1519 2395 1577 maritus
2428 1531 2646 1575 tantum
2680 1520 2928 1589 quintam
2967 1521 3024 1577 in
3062 1518 3299 1589 singulos
3322 1519 3467 1580 libe-

1842 1604 1929 1642 ros
1964 1603 2171 1656 partem
2207 1587 2495 1662 retinebat,
2532 1600 2666 1646 teste
2688 1586 2928 1655 Ulpiano
2963 1594 3021 1646 in
3045 1584 3376 1661 fiagmemir
3414 1590 3468 1646 d.

1841 1673 1878 1710 t.
1916 1655 1969 1712 6.
1996 1650 2059 1789 g.
2097 1656 2150 1725 4.
2186 1656 2237 1714 5.
2277 1657 2442 1731 Quod
2475 1659 2520 1715 si
2556 1660 2785 1713 omnino
2836 1658 3031 1732 legem⁸
3058 1656 3209 1714 illam
3244 1660 3314 1718 de
3347 1662 3476 1718 dote

1844 1725 1993 1794 profe
2053 1728 2151 1783 itia
2171 1730 2290 1804 quis
2326 1730 2696 1803 accipiendam
2733 1740 2902 1800 putet,
2923 1730 3230 1799 responderi
3268 1745 3472 1802 potest,

1840 1799 1926 1868 agi
1965 1798 2043 1852 ibi
2080 1817 2191 1856 non
2229 1801 2297 1856 de
2332 1818 2427 1856 sua
2449 1844 2466 1869 ,
2501 1800 2590 1858 secl
2625 1802 2966 1869 emancipata
3020 1803 3078 1856 in
3117 1803 3475 1860 matrimonio

1842 1869 2109 1926 moriente
2127 1889 2149 1934 ‚·
2184 1871 2307 1925 c'um
2329 1889 2425 1938 pro
2498 1884 2659 1930 natur
2695 1877 2954 1927 testatrix
2974 1867 3160 1941 fuisse,
3186 1866 3351 1928 faeiio
3374 1891 3472 1928 ve·-

1843 1955 1904 1992 ro
1940 1946 2246 2000 testamenti
2269 1937 2389 2000 filix
2416 1940 2627 1996 amilias
2659 1940 2926 2010 denegata
2952 1939 3131 2000 suerit.
3172 1933 3365 1999 Minus
3385 1961 3480 2008 ur-

1840 2019 1966 2080 get,
2004 2011 2278 2081 quodne,-
2314 2009 2615 2078 profeaiua
2652 2012 2925 2080 proprium
2978 2008 3343 2082 filiafamilias
3381 2030 3479 2080 pa·

1843 2081 2162 2136 trimonium
2196 2095 2276 2138 est
2299 2120 2315 2151 ,
2351 2080 2385 2135 l.
2422 2080 2640 2153 denique
2675 2077 2724 2136 3.
2801 2121 2815 2135 .
2852 2101 2965 2158 ergo
2998 2081 3050 2138 5.
3074 2077 3151 2150 ff
3182 2082 3249 2136 de
3285 2086 3476 2138 minor.

1843 2147 1926 2204 25.
1965 2151 2139 2205 annit.
2178 2148 2325 2214 Nam
2362 2151 2418 2208 id
2454 2169 2637 2212 verum
2657 2153 2747 2222 qui
2789 2169 2913 2221 em,
2945 2153 3186 2222 quandiu
3232 2153 3483 2209 consistit

1843 2222 2288 2287 matrimonium3
2320 2221 2413 2279 sed
2449 2240 2558 2278 non
2615 2223 2690 2275 im
2730 2223 2838 2282 edit
2860 2264 2879 2293 ,
2912 2239 3020 2292 quo
3067 2225 3248 2280 minus
3302 2223 3485 2280 'soluto

1844 2297 2193 2348 matrimonio
2226 2293 2345 2363 dos,
2377 2310 2489 2360 qua
2528 2290 2647 2350 filiae
2710 2308 2865 2350 uerat
2886 2334 2903 2363 ,
2938 2292 3076 2362 (sed
3112 2298 3281 2349 etiam
3318 2290 3483 2349 simul

1844 2363 2031 2432 patris,
2066 2362 2102 2416 l.
2124 2379 2173 2417 2.
2207 2354 2258 2434 5.
2287 2382 2330 2419 1.
2356 2358 2430 2432 ff
2446 2367 2497 2420 b.
2522 2357 2588 2433 t.)
2624 2363 2693 2420 ad
2728 2379 2936 2432 patrem
2975 2376 3313 2422 revertatur:
3350 2380 3481 2419 cum

1839 2436 1899 2494 ,ὅτ
1936 2434 2241 2491 adventitia
2297 2434 2367 2491 ad
2418 2446 2738 2490 extraneum
2791 2433 2988 2494 reverti
3027 2437 3190 2502 possit
3238 2450 3307 2491 ex
3346 2452 3482 2491 con-

1846 2504 2124 2571 ventione,
2146 2520 2245 2559 nec
2284 2516 2463 2560 tamen
2499 2520 2565 2559 eo
2598 2503 2780 2560 minus
2799 2515 3087 2560 constante
3121 2506 3479 2562 matrimonio

1847 2572 2119 2644 proprium
2174 2571 2414 2630 mulieris
2446 2575 2832 2641 patrimonium
2866 2576 2957 2629 sit.
2997 2571 3229 2630 Frustra
3256 2591 3481 2645 quoque

1849 2654 2113 2713 movetur,
2136 2642 2215 2699 ibi
2249 2642 2431 2701 dotem
2466 2662 2578 2701 esse
2598 2662 2632 2699 o
2668 2656 2847 2703 ortere
2883 2642 2976 2702 ubi
2995 2660 3160 2699 onera
3197 2647 3483 2701 matrimo-

1850 2714 1927 2767 nii
1961 2725 2110 2780 sunt,
2147 2714 2180 2767 Ι.
2218 2717 2267 2768 si
2302 2716 2348 2768 ir
2382 2717 2472 2784 qui
2490 2714 2575 2770 53.
2612 2660 2763 2786 &ibi
2803 2734 2850 2771 1.
2874 2714 2941 2776 v&
2965 2712 3096 2785 affl
3123 2712 3187 2769 de
3211 2713 3348 2786 jure
3365 2714 3471 2771 dot.

1849 2780 1981 2841 Non
2016 2785 2165 2839 enim
2200 2782 2350 2842 aliud
2387 2782 2463 2839 ibi
2485 2782 2615 2842 'vult
2647 2783 3078 2855 Iurisconsultus,
3094 2800 3280 2857 quam,
3298 2794 3480 2855 'penes

1850 2865 2055 2923 patrem
2088 2852 2307 2923 quidem
2342 2856 2527 2911 mariti
2552 2850 2890 2911 filiifamilias
2908 2856 3089 2912 dotem
3124 2873 3487 2925 esse‘oporte-
3520 2915 3527 2921 ,

1852 2943 1908 2980 re
1930 2964 1949 2994 ,
1981 2922 2110 2994 quia
2148 2940 2299 2993 pater
2336 2941 2505 2981 onera
2540 2926 2873 2985 matrimonii
2910 2926 2991 2983 sui
3030 2917 3365 2984 filiifamilias
3400 2946 3489 2983 su·-

1849 2996 2053 3060 stinet,·
2084 2996 2176 3051 sed
2196 2997 2321 3063 quia
2358 3013 2450 3065 per
2483 2996 3102 3065 emancipationem‘aut
3145 3016 3237 3066 per
3257 3008 3489 3055 mortem

1851 3070 2017 3135 patris
2048 3082 2222 3122 onera.
2249 3083 2375 3122 mox
2414 3065 2485 3122 ad
2522 3066 2691 3125 filium
2727 3066 3030 3137 transeunt,
3066 3065 3175 3138 jam
3209 3074 3291 3125 sui
3348 3063 3479 3135 iuris

1855 3131 2098 3205 fastum,
2135 3137 2256 3194 ideo
2280 3153 2500 3206 ⁴quoque
2535 3137 2603 3194 ad
2642 3135 2812 3193 filium
2842 3130 3035 3194 debere
3069 3137 3256 3195 dotem
3293 3150 3483 3194 trans-

1856 3201 2014 3263 ferri:
2068 3205 2257 3263 eodem
2290 3210 2488 3278 mode,
2522 3224 2630 3276 quo
2664 3209 2722 3267 &
2759 3213 2819 3267 in
2856 3208 2895 3265 l.
2931 3210 2979 3263 η’
3020 3212 3255 3265 maritm-
3290 3205 3379 3275 46.
3412 3204 3484 3278 ff.
3549 3222 3553 3226 ·

1841 3272 2034 3350 famil.
2070 3277 2244 3331 ercisc.
2281 3281 2460 3349 agitur
2494 3277 2561 3336 de
2597 3291 2752 3344 patre
2786 3279 3053 3337 moriente
3075 3320 3094 3350 ,
3127 3277 3261 3339 dum
3296 3276 3488 3335 adhuc

1853 3354 2067 3401 constat
2105 3341 2243 3401 filiis.
2282 3348 2712 3415 matrimonium,
2730 3366 2793 3405 ac
2828 3347 2897 3405 de
2928 3348 3059 3406 dote
3096 3362 3214 3414 post
3250 3362 3487 3407 mortem

1857 3419 2023 3483 patris
2060 3432 2150 3481 per
2188 3414 2359 3473 filiurn
2395 3420 2754 3487 percipienda,
2788 3419 2915 3487 quia
2953 3419 3126 3474 insum
3161 3434 3335 3477 onera
3370 3435 3494 3474 ma-

1857 3485 2101 3541 trimonii
2137 3485 2514 3561 sequebantur.
2555 3485 2686 3547 Non
2705 3488 2872 3546 etiam
2899 3489 3040 3549 reeie
3057 3484 3334 3561 obiicitur,
3354 3505 3490 3547 con·-

1861 3556 2119 3613 ventione
2169 3558 2391 3625 speciali
2428 3562 2557 3628 opus'
2590 3577 2739 3626 esse,
2773 3571 2834 3616 ut
2869 3561 2968 3621 dos
3002 3559 3069 3617 ad
3108 3572 3313 3626 patrem
3373 3571 3493 3627 post

1859 3637 2091 3682 mortem
2129 3622 2246 3687 filias
2282 3629 2341 3684 in
2376 3634 2725 3685 matrimonio
2741 3627 3047 3689 decedentis
3080 3641 3423 3701 revertatur,
3448 3629 3487 3685 l.

1859 3710 2007 3763 pater
2043 3691 2129 3751 23.
2167 3698 2204 3751 l.
2241 3700 2380 3755 inter
2416 3718 2648 3759 socerum
2684 3696 2769 3756 26.
2804 3693 2856 3773 §.
2896 3719 3020 3756 cum
3057 3701 3192 3756 inter
3228 3715 3282 3755 2.
3305 3695 3380 3771 ff
3419 3696 3495 3754 de.

1858 3766 2028 3835 panis
2065 3765 2228 3822 dotat.
2270 3765 2495 3831 Etenim
2531 3781 2788 3829 narratur
2802 3770 3022 3842 quidem
3057 3767 3362 3840 paffionem
3399 3770 3492 3826 in·-

1863 3837 2191 3906 tervenisse;
2226 3856 2346 3896 eam
2385 3857 2514 3905 vero
2548 3847 2896 3911 necessariam
2936 3835 3096 3899 fuisse
3119 3881 3139 3911 ,
3176 3838 3322 3899 haud
3355 3856 3501 3898 asse-

1853 3908 2042 3972 -ritur3
2078 3925 2179 3969 nec
2234 3905 2546 3979 infrequens
2593 3907 2740 3980 fuit,
2792 3911 3219 3977 abundantioris
3262 3909 3497 3970 cautelas

1862 3977 2045 4051 gratia
2079 3975 2245 4045 pactis
2277 3979 2688 4053 comprehendi,
2714 4000 2827 4054 qun
2848 4023 2868 4053 ,
2902 3980 3037 4040 licet
3070 3995 3341 4043 conventa
3379 3999 3496 4038 non

1862 4060 2061 4116 essent,
2074 4061 2263 4107 tamen
2295 4068 2365 4108 ex
2405 4052 2518 4119 ipsa
2552 4051 2867 4111 obtinerent
2902 4051 3078 4126 legum
3108 4053 3500 4125 dispositione.

1872 4114 2225 4189 Praeterquam
2295 4120 2402 4179 uod
2438 4122 2497 4177 in
2532 4120 2586 4177 d.
2623 4123 2661 4180 l.
2699 4123 2789 4181 26.
2824 4115 2880 4197 §.
2920 4140 2969 4180 a.
3077 4135 3161 4182 ter
3194 4122 3500 4194 specialiter

1866 4198 2087 4272 tantum
2112 4195 2263 4259 ‚stipu
2286 4203 2410 4249 atus
2429 4189 2751 4265 fuerat,sibi
2789 4193 2849 4250 in
2884 4140 3073 4252 unug}¹
3096 4210 3282 4253 casum
3313 4194 3501 4252 dotem

1870 4264 2117 4327 restitui,
2151 4265 2197 4317 si
2234 4278 2423 4331 nempe
2459 4260 2571 4320 filia
2604 4265 2725 4322 sine
2772 4261 2960 4323 liberis
3012 4276 3357 4329 moi-eretum
3391 4278 3502 4335 quo

1870 4328 1983 4398 ipso
2018 4329 2186 4392 tacite
2219 4336 2533 4391 conveni-sse
2569 4333 2888 4405 videbatur,
2923 4348 2985 4393 ut
3021 4333 3195 4393 altero
3230 4340 3289 4392 in
3322 4350 3452 4390 casu
3479 4372 3500 4401 ‚

1867 4404 1916 4456 si
1946 4396 2151 4458 scilicet
2186 4398 2339 4459 liberi
2374 4419 2729 4476 superessent,
2753 4404 2851 4462 dos
2885 4402 2991 4462 sibi
3016 4422 3128 4463 non
3164 4404 3502 4473 redderetur,

1868 4470 1946 4525 sic
1982 4484 2045 4526 ut
2081 4485 2212 4527 tunc
2229 4473 2326 4529 dos
2358 4491 2520 4539 penes
2554 4473 2753 4532 liberos
2773 4471 2892 4534 51³ae
2929 4492 3044 4539 non
3080 4476 3404 4534 remanserit
3426 4480 3499 4531 ex
3594 4503 3601 4509 -

1871 4536 1998 4610 iuris
2013 4539 2385 4613 dispositione,
2403 4544 2496 4605 sed
2531 4542 2673 4613 paai
2711 4545 2869 4602 taciti
2887 4542 3226 4613 auehi-itate.
3244 4541 3381 4603 Non
3400 4544 3502 4601 de-

1874 4610 2035 4679 nique
2068 4617 2355 4682 quicquam
2390 4608 2518 4670 facit
2546 4615 2580 4669 Ι.
2598 4630 2710 4685 pore
2744 4613 2918 4671 dotem
2954 4613 3043 4696 40:
3072 4609 3149 4686 ff.
3185 4614 3232 4672 b.
3274 4631 3317 4670 t.
3341 4615 3502 4685 quip-

540 4696 727 4745 autem
761 4682 823 4741 in
860 4680 1185 4751 praeoedente
1205 4698 1429 4741 numero
1444 4678 1650 4743 dietum
1686 4680 1811 4755 fuit,
1857 4699 1935 4750 -pe
1955 4697 2071 4749 quae
2105 4680 2348 4747 obstaret
2382 4686 2623 4757 quidem,
2638 4685 2687 4741 si
2726 4683 2950 4756 vulgata
2984 4701 3098 4753 epus
3138 4682 3296 4744 lefflo
3313 4700 3502 4743 serva-

158 4702 504 4834 nd⁷patrem
538 4752 716 4813 redire
747 4754 932 4817 dotem
954 4745 1347 4834 -ptofeffitiam,
1377 4759 1426 4815 si
1457 4748 1571 4817 filia
1603 4751 1722 4828 ejus
1752 4756 1810 4813 ln
1873 4751 1922 4815 ti
1956 4764 2165 4829 posset:
2199 4756 2294 4820 sed
2326 4770 2453 4819 cum
2486 4753 2600 4816 ime
2636 4754 2827 4815 vocula
2856 4757 2970 4814 rim
3003 4755 3132 4819 addi
3165 4752 3358 4817 debeat
3382 4794 3403 4827 ,
3434 4771 3500 4814 ac
