3971 5383
1301 27 1380 66 Ν.

611 150 705 221 58

582 261 701 303 120.
737 243 1003 305 Caeterum
1023 246 1340 319 rigidissima
1354 245 1414 302 in
1435 246 1736 314 portionem
1771 245 1991 305 filialem
2025 249 2128 300 im-

514 316 729 387 putatio
764 315 864 384 fit3
902 315 1109 385 veluti,
1146 313 1414 388 jocalium,
1449 317 1578 382 doni
1615 319 1895 386 matutini,
1930 317 2129 387 doar'ii,

507 390 568 446 δε
601 384 900 454 similium3
931 404 1044 458 quoe
1067 390 1253 455 &ipsa
1287 403 1387 454 pro
1406 399 1524 443 rata
1543 386 1896 445 diminuenda
1930 385 2131 457 forent,

509 460 560 514 si
592 470 888 525 appareret,
924 455 1154 525 amplius
1189 472 1348 526 quam
1386 454 1601 511 filialem
1639 454 1738 513 filii
1770 457 1994 515 minime
2030 456 2128 513 ho-

503 528 691 583 norati
744 527 1045 594 portionem
1098 525 1240 580 hisce
1290 538 1605 581 contentam
1657 543 1805 592 esse3
1873 543 1939 582 eo
1990 528 2129 596 quod

512 594 624 652 hzc
663 594 749 651 vel
783 609 911 654 ante
946 599 1157 662 nuptias
1189 594 1497 663 donationi,
1535 594 1619 650 vel
1652 595 1946 652 donationi
1980 613 2127 653 mor-

509 671 586 721 tis
646 682 841 734 causa,
889 666 1082 720 merito
1133 662 1522 732 assimilantur,
1557 682 1685 732 quas
1720 682 1878 734 supra
1912 667 2129 723 modum

510 733 648 805 fieri,
683 733 1033 792 interdiaum
1067 746 1166 802 est,
1199 732 1252 788 d.
1274 734 1308 787 l.
1330 731 1431 788 hac
1463 733 1680 791 edio‘Iali
1711 732 1762 790 6.
1800 739 1858 790 in
1889 737 2052 804 princ.
2070 737 2127 791 C.

508 803 577 858 de
611 801 817 882 secum-i.
842 804 1050 871 nuptiis,
1087 799 1158 857 D.
1176 800 1434 862 Someren
1472 802 1539 857 de
1559 805 1694 875 jure
1726 823 1977 860 novercae·
2018 820 2128 872 cap.

507 868 564 930 5.
600 893 746 929 nam.
767 883 819 928 ὕ.
856 872 923 933 Θ
957 887 1070 941 cap.
1097 887 1183 927 Π.
1205 873 1328 928 teil.
1349 889 1395 927 1.
1431 893 1581 930 num.
1609 892 1651 929 1.
1689 872 1828 930 Abr.
1863 892 1896 929 a
1934 875 2130 933 Wesel

509 940 594 997 ad
619 942 849 998 novellas
868 946 1074 997 constit.
1098 941 1377 1004 Ultraiedl.
1397 957 1573 999 αντη.
1611 942 1956 1014 ηοω-9119·
1993 965 2043 998 η·
2076 966 2127 1015 q.

507 1007 616 1070 Sed
649 1014 727 1083 ἃ,
760 1009 897 1079 quod
933 1009 1162 1068 obtentu
1198 1005 1536 1067 liberalitatis
1570 1018 1997 1072 remuneratoria
2068 1034 2130 1071 o-

504 1093 695 1138 natum
729 1093 824 1136 aut
857 1083 1121 1150 reciproce
1139 1080 1372 1152 legatum
1408 1078 1587 1151 suerit,
1621 1084 1997 1153 imputandum
2030 1098 2130 1154 est,

503 1153 714 1220 quoties
744 1149 964 1206 modum
1007 1148 1059 1205 d.
1087 1149 1191 1234 lege
1223 1149 1273 1205 6.
1312 1153 1674 1220 praescriptum
1708 1152 2128 1223 exoedit,⁴San-

502 1222 575 1278 de
607 1219 762 1276 decis.
783 1219 917 1275 Fris.
937 1217 1025 1275 lib.
1044 1238 1091 1275 2.
1112 1236 1198 1274 tn.
1219 1215 1274 1279 3.
1307 1219 1531 1289 defin.4.
1551 1222 1608 1276 in
1625 1221 1748 1293 fine,
1781 1223 2130 1294 Argentraeus

505 1288 590 1343 ad
616 1287 913 1347 consuetud.
935 1289 1182 1346 Brizana.
1203 1306 1306 1345 art.
1333 1306 1443 1346 121.
1476 1292 1630 1363 glast.
1651 1287 1702 1346 3.
1740 1289 1951 1349 num.5.
1989 1293 2125 1350 Ant.

505 1355 799 1416 Matthaeus
831 1359 897 1413 de
949 1362 1286 1416 matrimonio
1321 1360 1510 1428 disput.
1549 1360 1600 1417 6.
1629 1361 1765 1418 ther.
1809 1361 1889 1419 16.
1929 1361 2131 1421 Wesel

507 1426 563 1484 d.
604 1447 709 1483 art.
758 1445 835 1485 ιο.
870 1448 1019 1484 num.
1057 1426 1592 1507 51.·Usumfruf.ium
1624 1450 1692 1501 qu
1764 1450 1829 1489 ue
1862 1431 2127 1488 bonorum

505 1503 751 1553 omnium
785 1499 1026 1554 secundat
1045 1500 1265 1570 conjugi
1299 1516 1332 1553 a
1368 1498 1574 1555 binubo
1609 1500 1707 1556 reli
1767 1518 1855 1558 um
1888 1500 2126 1571 subjace-

510 1584 574 1624 re
605 1568 939 1636 dispositioni
975 1567 1026 1621 d.
1062 1569 1182 1641 legis
1219 1568 1628 1639 sext-‹sdic‘lum
1645 1566 1764 1639 fuit
1799 1575 1884 1626 tit.
1902 1570 1965 1626 de
2000 1593 2127 1628 usu-

493 1633 687 1710 fruc‘lu
721 1656 871 1693 num.
899 1632 980 1703 14.
1017 1640 1072 1693 in
1093 1637 1231 1708 fine,
1266 1638 1402 1694 adeo
1421 1651 1480 1693 ut
1516 1637 1745 1704 probato
1776 1657 2011 1709 excussu,
2044 1661 2127 1700 se-

503 1707 746 1763 cundum
765 1709 1220 1772 computationem
1258 1710 1294 1761 l.
1316 1709 1689 1776 computationi
1719 1705 1807 1765 68.
1828 1708 2003 1779 ffiad
2031 1713 2124 1783 leg.

505 1775 717 1833 Falcid.
762 1774 920 1833 liberi
981 1779 1170 1846 prioris
1206 1774 1353 1832 thori
1401 1779 1603 1844 possint
1660 1776 1779 1834 loco
1831 1777 2129 1837 usust-uehis

508 1843 700 1903 offerre
734 1856 946 1902 tantam
965 1848 1288 1914 portionem,
1322 1857 1528 1915 quanta
1563 1850 1721 1903 cessit
1754 1848 1808 1905 ei
1842 1866 1908 1906 ex
1945 1849 2128 1912 liberis

505 1916 698 1983 prioris
732 1917 1094 1987 matrimonii,
1126 1918 1215 1971 cui
1249 1915 1537 1971 minimum
1569 1916 1758 1975 datum
1791 1931 1890 1975 est.
1930 1917 2129 1986 secus,

507 1985 557 2041 si
591 1983 781 2042 docere
816 1997 1112 2056 nequeant„
1146 1983 1290 2052 iuxta
1329 1983 1640 2052 praedieiam
1670 1991 2130 2056 computationem

505 2054 623 2125 plus
654 2058 715 2109 in
751 2052 1026 2112 usufrufiiu
1062 2071 1224 2122 quam
1276 2052 1426 2111 filiali
1467 2058 1719 2123 portione
1752 2077 1900 2115 esse:
1936 2061 2128 2130 quippe

467 2134 472 2138 ’
545 2141 613 2182 uo
646 2142 774 2180 casu
808 2127 1064 2181 vitricum
1087 2141 1455 2188 ‚novet-eamve
1493 2144 1602 2181 non
1640 2141 1854 2194 possent
1890 2134 2129 2184 invitam

545 2193 769 2262 epellere
805 2213 835 2250 e
868 2192 982 2264 jure
1001 2190 1236 2264 fruendi,
1273 2196 1523 2259 portione
1546 2193 1697 2250 filiali
1715 2195 1920 2267 oblata,
1967 2196 2126 2266 Resp.

503 2263 685 2344 lurisc.
716 2260 863 2319 Holl.
879 2280 1017 2330 part.
1045 2261 1393 2329 r.c0mil.41.
1431 2285 1478 2334 q.
1501 2279 1548 2318 2.
1587 2261 1741 2336 Quin
1766 2267 1897 2337 imo,
1931 2269 1976 2323 si
1996 2288 2129 2325 con-

502 2333 619 2404 jugi
651 2334 894 2390 secundae
914 2346 1131 2389 tantum
1151 2330 1450 2392 usufruaus
1477 2330 1760 2406 bonorum,
1795 2354 1907 2404 quz
1940 2354 2130 2396 secun·

500 2403 562 2461 di
597 2399 744 2458 thori
781 2400 959 2460 liberis
975 2417 1184 2459 cessura
1219 2417 1367 2472 sunt,
1408 2400 1623 2460 relidas
1663 2400 1846 2474 fuerit,
1880 2411 1936 2466 ὅτ
1972 2406 2130 2464 adhi-

505 2471 627 2538 bita
662 2477 930 2539 superiore
961 2476 1365 2540 computatione
1397 2471 1829 2538 deprehendatur
1849 2515 1867 2543 ,
1901 2473 2015 2545 plus
2049 2494 2116 2534 eo

501 2540 811 2610 contineri,
843 2558 1005 2612 quam
1044 2548 1100 2598 in
1138 2541 1282 2611 illis,
1317 2559 1431 2610 qux
1470 2544 1567 2603 uni
1605 2559 1675 2598 ex
1705 2541 1896 2609 ‚liberis
1931 2549 2124 2613 prioris

503 2609 654 2667 thori
690 2611 818 2668 data
852 2623 1016 2678 sunt,
1053 2609 1253 2678 veluti,
1287 2613 1333 2668 si
1369 2616 1532 2668 unico
1569 2612 1758 2676 prioris
1792 2617 2131 2670 matrimonii

503 2679 620 2742 filio
663 2680 902 2753 legitima
939 2681 1053 2738 sola
1092 2679 1278 2739 reliEta
1315 2685 1404 2748 sit,
1439 2680 1806 2751 undecumque
1843 2683 2001 2742 liberi
2036 2703 2128 2755 po-

503 2752 794 2810 steriorum
831 2754 1144 2820 nuptiarum
1178 2753 1246 2811 ad
1269 2752 1469 2808 nudam
1507 2767 1766 2810 vocentur
1802 2755 2129 2822 reliquorum

501 2827 887 2892 proprietatem
906 2862 924 2891 ,
979 2832 1153 2877 mater
1190 2840 1316 2893 vero
1370 2837 1554 2878 eorum
1588 2822 1657 2877 ad
1712 2822 2131 2894 usumfruEium,

498 2890 680 2949 adhuc
715 2893 1057 2957 dispositioni
1092 2890 1144 2944 d.
1166 2892 1211 2945 le
1242 2896 1287 2945 ir
1320 2886 1372 2945 6.
1409 2889 1589 2946 locum
1625 2888 1740 2950 fore
1773 2893 2029 2966 arbitror,
2065 2897 2132 2952 li·

504 2959 798 3027 berumque
832 2959 946 3016 filio
981 2962 1142 3029 primi
1197 2974 1219 3015 t
1260 2961 1338 3016 ori
1374 2976 1599 3020 avocare
1631 2978 1698 3017 ex
1735 2961 2014 3022 usufrue'tu
2075 2966 2131 3022 id

502 3048 688 3096 omne,
717 3032 859 3100 quod
881 3029 1166 3101 legitimam
1187 3028 1289 3085 sibi
1307 3029 1495 3085 datam
1528 3033 1757 3089 ercedit.
1796 3031 1953 3091 Licet
1984 3040 2134 3091 enim

505 3116 693 3158 verum
727 3100 820 3169 sit,
857 3118 943 3167 per
963 3100 1367 3179 dispositionem
1400 3097 1455 3154 d.
1475 3102 1597 3170 segis
1630 3098 1683 3156 6.
1705 3117 1816 3156 non
1854 3104 2131 3175 impediri,

504 3188 613 3241 quo
645 3168 825 3241 minus
854 3187 1107 3241 conjuges
1138 3167 1244 3225 sibi
1264 3172 1591 3235 reciprocum
1624 3168 2025 3234 usumfruaum
2062 3174 2133 3230 le-

505 3251 656 3313 gent,
677 3236 934 3295 Sumeren
954 3238 1157 3311 dejure
1190 3257 1454 3296 novet-car.
1470 3253 1581 3305 cap.
1600 3251 1654 3309 9.
1690 3261 1839 3297 num.
1859 3242 1911 3312 4.
1948 3254 2129 3300 tamen

504 3309 563 3365 id
604 3325 718 3367 non
755 3307 896 3365 ultra
933 3310 1190 3378 procedit,
1221 3324 1384 3382 quam
1401 3322 1663 3373 quatenus
1701 3311 1849 3367 nulla
1886 3314 1939 3368 d.
1961 3313 2051 3385 leg.
2073 3315 2129 3369 6.

507 3377 651 3435 fraus
688 3375 768 3435 fit.
825 3375 952 3435 Nisi
988 3383 1202 3447 insuper
1244 3378 1486 3434 secund-z
1519 3373 1734 3461 conjugi
1827 3377 2131 3441 fructuarii

502 3452 829 3515 constitutae,
859 3464 998 3505 onus
1029 3446 1210 3506 alendi
1246 3446 1444 3502 liberos
1475 3449 1694 3504 secundi
1729 3420 1876 3506 timri
1910 3450 2132 3523 imposir

502 3532 620 3579 tum
655 3520 763 3575 sit:
796 3519 988 3586 quippe
1023 3536 1128 3586 quo
1161 3535 1287 3577 casu
1308 3518 1398 3570 vix
1432 3526 1527 3584 est,
1563 3529 1624 3573 ut
1659 3521 1882 3578 termini
1921 3516 2130 3580 habiles

503 3586 684 3647 flandi
721 3584 771 3641 d.
794 3589 883 3660 leg.
925 3585 1075 3643 faeie
1110 3588 1478 3644 inveniantur.

585 3675 719 3737 121..
739 3653 822 3719 De
856 3653 1312 3721 usufruEiu.di&a
1346 3658 1535 3713 eodem
1568 3659 1733 3719 modo
1764 3676 1875 3718 sese
1909 3657 2132 3733 habent,

504 3729 555 3786 si
590 3724 810 3797 conjugi
845 3725 1086 3783 secunda
1122 3745 1215 3793 per
1253 3724 1514 3785 binubum
1551 3723 1673 3785 loco
1707 3728 1890 3786 filialis
1923 3739 2127 3800 portio-

503 3798 594 3873 njs
650 3792 883 3867 supellex
918 3800 1095 3851 omnis
1139 3795 1317 3869 legata
1348 3799 1452 3855 sit:
1506 3812 1634 3852 nam
1669 3800 1725 3858 ὅ(
1761 3811 1893 3856 tunc
1948 3799 2131 3859 liberis

505 3868 700 3935 prioris
719 3866 867 3927 thoti
886 3866 1210 3929 contendere
1238 3865 1381 3935 licet,
1415 3863 1551 3938 plus,
1622 3886 1746 3925 uam
1769 3866 1988 3928 filialem
2007 3889 2129 3939 por-

501 3938 709 3993 tionem
733 3976 746 3997 ,
781 3932 1130 4004 supelleffilis
1176 3935 1351 4007 legato
1384 3953 1601 4004 compre
1644 3955 1833 3996 ensum
1881 3958 2024 4006 esse;
2059 3943 2128 3999 ad

506 4022 637 4067 eum
675 4001 943 4076 emaum,
978 4020 1038 4062 ut
1056 4003 1288 4073 supellex
1307 4022 1397 4075 per
1416 4008 1920 4073 peritosaestimetur
1952 4029 2130 4067 rerum

503 4078 858 4134 aestimatores
880 4115 898 4145 ,
933 4077 990 4133 ὅτ
1028 4073 1212 4132 liberis
1264 4076 1456 4144 prioris
1492 4072 1638 4132 thori
1672 4080 1944 4149 reddatur,
2015 4083 2127 4135 uic-

504 4145 634 4215 quid
673 4142 890 4229 filialem
927 4159 1155 4229 ,superat
1190 4151 1525 4216 portionem,
1563 4142 1935 4219 Resp..lurisc.
2018 4151 2125 4213 roll.

495 4232 614 4285 par.
639 4232 685 4269 2.
724 4234 903 4271 contet.
925 4228 1047 4281 301.

581 4297 698 4341 122.
735 4283 873 4341 lllud
911 4302 1022 4362 nou
1057 4291 1188 4341 satis
1218 4284 1528 4363 eifpeditum
1559 4302 1659 4359 est,
1693 4308 1764 4346 an
1800 4294 1857 4352 δι
1890 4308 2127 4348 commo-

503 4356 572 4414 da
597 4397 615 4425 ,
651 4374 764 4423 quae
798 4370 920 4419 con]
998 4354 1019 4407 i
1053 4373 1122 4413 ex
1157 4372 1259 4411 con
1285 4357 1401 4425 ugis
1438 4354 1593 4419 bonis
1624 4358 1925 4419 obveniunt
1962 4382 2027 4420 ex
2070 4365 2123 4416 vi

505 4424 637 4496 legis
671 4436 764 4481 aut
799 4436 945 4482 statu
1046 4442 1140 4493 per
1172 4423 1226 4480 d.
1268 4444 1407 4495 egem
1441 4425 1495 4483 6.
1532 4428 1596 4482 de
1614 4430 1824 4487 secund.
1847 4449 1989 4501 nupt.
2013 4437 2125 4505 regi

503 4493 761 4565 debeant,
796 4510 858 4548 ac
894 4499 949 4550 in
988 4465 1203 4553 filialem
1241 4496 1464 4552 veniant
1514 4502 1817 4566 portionem
1853 4509 2125 4570 imputans

504 4565 591 4622 da.
629 4564 864 4621 Constat
885 4564 1064 4634 utique
1081 4582 1147 4619 ex
1165 4569 1439 4621 variorum
1474 4566 1713 4627 locorum
1748 4576 1981 4643 statutis,
2019 4574 2125 4630 dis-

503 4635 680 4703 soluto
717 4652 808 4702 per
857 4648 1083 4689 mortem
1135 4635 1506 4707 niatrimonio,
1551 4645 1883 4719 superstitem
1935 4657 2028 4700 aut
2060 4660 2124 4699 ex

505 4700 914 4775 communibus,
951 4717 1043 4769 aut
1085 4714 1170 4771 ‚ex
1207 4709 1442 4776 propriis,
1481 4711 1723 4785 conjugis
1777 4709 2124 4784 prede-“unffi

1761 158 1901 221 Lib.
1951 148 2201 221 XXIII.
2255 156 2375 221 Tit.
2428 154 2512 218 ῙῙ.

2190 246 2346 306 bonis
2380 242 2643 305 nonnulla
2664 246 2938 314 precipere
2970 259 3102 305 ante
3134 243 3353 301 omnem
3389 240 3709 321 hereditatis
3740 236 3821 300 di-

2191 317 2470 386 visionem,
2507 314 2675 373 veluti
2711 312 3015 384 Ultrafecti,
3072 319 3290 373 statuta
3349 311 3638 380 UltraJect.
3677 310 3816 367 rubr.

2191 384 2275 455 24·
2313 388 2372 442 in
2408 386 2668 456 saxonia,
2721 383 3053 461 Carpzovius
3085 383 3243 450 defin.
3264 380 3374 455 sor.
3430 398 3573 452 part.
3610 377 3666 436 5.
3706 400 3817 436 con-

2190 458 2296 511 stit.
2330 469 2382 527 7.
2434 471 2521 525 per
2554 470 2646 510 tot.
2683 449 3074 521 Huiuscemodi
3107 467 3287 510 autem
3323 452 3471 510 lucra
3527 469 3702 523 neque
3735 468 3817 518 per

2188 523 2313 581 dict.
2352 526 2511 598 legem
2568 540 2781 578 sextam
2834 527 3104 596 restringi,
3155 540 3323 589 neque
3355 524 3415 575 in
3452 519 3688 578 filialem
3740 536 3813 576 κ-

2188 595 2354 652 cundi
2406 608 2503 650 aut
2530 593 2771 653 secundi:
2826 592 3066 668 conjugis
3121 596 3427 662 portionem
3461 592 3728 660 imputari
3758 605 3816 643 o-

2190 678 2422 734 portere,
2456 667 2583 733 quia
2620 662 2929 723 nullatenus
2963 683 3031 721 ex
3055 664 3332 718 voluntate
3364 673 3460 716 aut
3497 658 3816 717 munificen-

2190 737 2268 789 tia
2321 734 2562 804 conjugis
2614 731 2847 802 binubi,
2881 735 2973 791 sed
3007 751 3072 791 eo
3105 733 3273 789 etiam
3317 729 3509 783 >invito
3561 744 3633 786 ex
3668 742 3814 804 mera

2191 804 2322 875 legis
2354 805 2703 872 dispositione
2736 800 3059 874 obveniunt,
3093 799 3375 870 aliquoties
3414 796 3702 866 Ultrajecti
3738 812 3813 862 ιιι-

2188 874 2433 929 dicatum
2467 871 2631 931 refert
2668 884 2785 941 post
2822 869 2896 929 D.
2933 870 3235 927 iohannem
3269 884 3302 921 a
3338 867 3604 924 Someren
3639 865 3810 937 deju-

2191 960 2245 998 re
2298 961 2562 1000 novercas.
2614 956 2722 1008 cap.
2784 959 2865 997 ιι.
2902 941 3026 996 sebi.
3092 959 3136 996 t.
3173 961 3224 995 n.
3263 952 3311 991 2.
3368 933 3727 993 Abrahamus
3776 952 3808 989 a

2192 1012 2387 1071 Wesel
2421 1011 2502 1066 ad
2529 1012 2760 1068 novellas
2794 1016 2997 1068 constit.
3056 1008 3336 1080 Ultraject.
3371 1023 3480 1061 art.
3525 1024 3613 1066 ¹0.
3670 1024 3811 1060 num·

2187 1080 2275 1154 96.
2310 1096 2399 1153 97.
2435 1080 2605 1151 Quod
2660 1097 2789 1160 vero
2827 1081 3171 1139 statutariam
3222 1076 3418 1134 attinet
3455 1073 3726 1131 bonorum
3758 1091 3814 1127 o-

2188 1155 2391 1208 mnium
2448 1155 2589 1211 inter
2622 1168 2874 1221 conjuges
2928 1149 3381 1216 communionem,
3432 1162 3595 1214 quam
3657 1148 3811 1201 variis

2189 1223 2244 1275 in
2300 1221 2603 1292 regionibus
2657 1221 2934 1288 probatam
2986 1238 3134 1287 esse,
3188 1233 3344 1283 supra
3395 1220 3695 1283 monitum,
3748 1214 3804 1266 in

2192 1288 2487 1347 l-Iollandia
2538 1292 2751 1362 quidem
2801 1303 3111 1347 constanter
3144 1298 3412 1351 receptum
3466 1284 3705 1353 videtur,
3736 1292 3814 1339 et-

2187 1367 2296 1416 iam
2349 1365 2493 1416 inter
2529 1360 2790 1416 binubum
2844 1365 3034 1427 prioris
3072 1355 3219 1413 thori
3262 1352 3459 1409 liberos
3507 1352 3812 1418 habentem,

2187 1448 2248 1485 ac
2282 1432 2572 1488 secundam
2622 1425 2927 1502 coniugem,
2960 1428 3303 1486 statutariam
3358 1423 3540 1479 induci
3577 1436 3813 1477 commu-

2189 1500 2428 1568 nionem,
2465 1506 2669 1569 quoties
2702 1500 3018 1567 simpliciter
3068 1496 3262 1564 absque
3296 1491 3419 1549 ullis
3454 1498 3629 1559 pactis
3664 1491 3813 1548 dota-

2189 1567 2327 1626 libus
2361 1570 2769 1626 matrimonium
2821 1572 3033 1634 initur3
3064 1567 3198 1622 adeo
3231 1576 3288 1618 ut
3326 1578 3540 1644 prorsus
3578 1575 3811 1644 ‚pauper-

2189 1641 2305 1695 tina
2342 1636 2547 1695 nubens
2583 1637 2788 1694 binubo
2821 1654 3038 1695 centum
3092 1634 3262 1690 millia
3297 1630 3617 1713 possudentn,
3690 1642 3814 1713 rotg-

2189 1725 2337 1766 nusa
2377 1710 2576 1778 nuptiis
2610 1709 2905 1764 contractis
2941 1706 3329 1776 quinquaginta
3364 1700 3603 1757 millium
3680 1717 3810 1756 omn·

2189 1796 2258 1832 na
2289 1774 2556 1835 efficiatur
2578 1819 2595 1847 ,
2631 1792 2791 1847 atque
2825 1783 3037 1846 insuper
3072 1792 3139 1830 ex
3176 1772 3398 1837 reliquis
3451 1770 3811 1840 quinquagin-

2187 1861 2243 1903 ta
2279 1845 2518 1905 millibus
2552 1847 2737 1903 mariti
2771 1848 2854 1904 sui
2890 1846 3050 1916 possit
3089 1861 3179 1911 per
3211 1857 3516 1909 supremum
3565 1839 3685 1908 ejus
3714 1838 3815 1895 elo-

2223 1917 2335 1973 ium
2370 1915 2589 1975 filialem
2647 1918 3039 1973 convenienter
3072 1913 3125 1966 A.
3181 1913 3278 1985 legi
3313 1926 3463 1964 texta
3517 1911 3814 1976 portionem

2187 1935 2426 2055 fucrari3
2463 1988 2514 2045 id
2553 2005 2617 2043 ue
2649 2002 2714 2046 ex
2750 2001 2816 2043 eo
2872 1983 3247 2053 fundamentO,
3281 1982 3409 2049 quia
3449 1979 3729 2048 antiquior
3761 1979 3815 2032 in

2194 2052 2489 2115 H'ollandia
2550 2063 2629 2113 uit
2666 2058 2952 2114 statutaria
3005 2053 3333 2126 communio,
3366 2065 3529 2116 quam
3563 2051 3717 2104 dicta
3747 2047 3815 2102 le-

2179 2131 2258 2199 gis
2297 2145 2450 2181 sexta·
2483 2124 2847 2194 comprobatio
2881 2141 2945 2181 ac
2981 2142 3128 2191 usus,
3184 2119 3515 2176 Neostadius
3548 2117 3616 2173 de
3656 2118 3814 2184 pactis

2190 2211 2458 2265 antenupt.
2513 2194 2703 2252 observ.

2189 2265 2329 2321 duct.
2369 2263 2451 2318 ad
2463 2263 2689 2336 jurispr.
2749 2261 2896 2321 Holl.
2933 2262 3022 2318 lib.
3063 2279 3115 2319 2.
3154 2276 3265 2328 cap.
3311 2274 3390 2314 12.
3427 2278 3480 2313 n.

2192 2352 2460 2406 newegen
2515 2335 2596 2390 ad
2622 2333 2675 2390 d.
2713 2334 2751 2390 l.
2783 2332 2930 2390 6.·C.
2966 2330 3030 2386 de
3085 2327 3292 2410 segund.
3333 2341 3474 2391 nupt.

2191 2423 2328 2461 cens.
2351 2401 2461 2477 fhr.
2495 2420 2609 2474 par.
2655 2422 2697 2460 1.
2736 2401 2825 2459 lib.
2868 2420 2915 2459 1.
2951 2418 3064 2469 cap.
3107 2413 3193 2469 1³,
3227 2417 3374 2454 num.
3413 2396 3511 2452 ult.
3556 2397 3803 2464 Respon-

2190 2491 2247 2531 sa
2280 2473 2465 2532 lurisc.
2524 2471 2674 2532 Holl.
2721 2487 2863 2542 part.
2904 2491 2953 2528 2.
3011 2475 3189 2528 consil.
3224 2463 3314 2535 43.
3352 2464 3444 2538 47.
3479 2465 3547 2527 <⁴5
3613 2465 3808 2548 1695.

2194 2560 2242 2599 2.
2281 2542 2345 2608 (9⁹
2378 2559 2515 2612 part.
2553 2561 2604 2599 2.
2640 2544 2815 2600 consil.
2851 2538 2935 2598 80.
2972 2542 3038 2603 (5
3072 2537 3197 2597 501.
3234 2555 3298 2592 ac
3334 2554 3433 2605 pro
3468 2534 3572 2590 hac
3608 2552 3812 2604 opimo-

2194 2631 2261 2669 ne
2310 2615 2546 2682 disputat
2600 2609 2675 2670 D.
2709 2610 2829 2673 ioh.
2868 2629 2902 2667 a
2957 2609 3216 2667 Somcren
3254 2605 3316 2661 de
3359 2606 3491 2677 jure
3545 2623 3805 2661 novercas.

2190 2701 2297 2754 cap.
2346 2702 2390 2740 ι.
2429 2704 2481 2741 n.
2529 2700 2573 2739 ι.
2628 2683 2767 2742 Ant.
2804 2678 3091 2741 Matthaeus
3138 2680 3401 2748 paraemiae
3438 2689 3485 2731 2.
3545 2696 3697 2732 num.
3731 2689 3811 2730 ao.

2189 2756 2244 2812 &
2281 2752 2344 2809 de
2364 2751 2629 2810 criminib.
2686 2752 2773 2808 lib.
2810 2750 2896 2820 48.
2953 2756 3037 2807 tit.
3075 2745 3125 2803 5.
3161 2750 3225 2804 de
3276 2747 3562 2828 Adulterio
3615 2760 3723 2812 cap.
3760 2759 3809 2814 7.

2190 2844 2341 2880 num.
2379 2821 2611 2892 24.¹sed
2644 2828 2687 2879 si
2723 2836 2876 2890 pacta
2928 2819 3136 2879 dotalia
3172 2818 3231 2874 in
3269 2821 3471 2884 nuptiis
3507 2818 3811 2874 intervene-

2193 2894 2328 2965 rint,
2371 2891 2568 2963 placuit
2600 2910 2801 2951 cessare
2834 2893 3061 2947 omnino
3106 2889 3567 2956 communionem,
3618 2900 3801 2954 quate-

2192 2983 2292 3021 nus
2326 2961 2376 3017 d.
2416 2966 2441 3019 l
2491 2964 2514 3015 ἰ
2564 2978 2724 3018 sexta·
2756 2952 3088 3030 adversatur,
3142 2976 3251 3013 non
3290 2956 3451 3015 modo
3482 2958 3527 3009 si
3580 2973 3675 3021 per
3703 2971 3802 3078 fa-

2191 3045 2280 3089 cta
2314 3033 2441 3088 clota
2466 3049 2518 3086 ta
2551 3050 2586 3088 a
2636 3033 3015 3089 communione
3065 3031 3350 3084 statutaria
3399 3041 3667 3083 recessum
3724 3042 3810 3081 uc-

2193 3105 2282 3174 rit,
2317 3102 2407 3159 sed
2459 3103 2534 3172 ᾅ,
2568 3101 2616 3156 si
2652 3105 2962 3158 communio
3013 3095 3330 3156 universalis
3385 3096 3716 3150 nominatim
3749 3095 3807 3148 iis

2191 3170 2574 3240 comprehensa
2606 3176 2717 3237 sit3
2749 3187 2874 3227 cum
2928 3167 3028 3224 hoc
3062 3171 3197 3238 ipso,
3226 3184 3332 3236 quo
3381 3166 3809 3222 communionem

2194 3240 2340 3298 illam
2396 3254 2551 3310 pacto
2601 3237 2850 3313 conjuges
2902 3237 3355 3307 complectuntur,
3408 3252 3520 3290 non
3555 3252 3627 3291 ex
3679 3233 3806 3304 lege,

2191 3314 2283 3371 sed
2315 3311 2679 3368 conventione
2716 3309 2981 3367 bonorum
3016 3312 3261 3365 omnium
3297 3304 3557 3361 medietas
3590 3303 3665 3362 ad
3679 3320 3806 3380 eqn-

2194 3380 2365 3454 J'ugem
2398 3392 2657 3449 transeat,
2690 3399 2757 3439 ex
2810 3381 3180 3441 conventione
3232 3389 3416 3435 autem
3469 3392 3582 3429 non
3637 3388 3802 3441 major

2193 3460 2368 3522 portio
2402 3445 2619 3523 coniugi
2653 3450 2893 3510 secundae
2908 3466 2975 3505 ex
3012 3447 3167 3505 bonis
3205 3443 3395 3502 binubi
3430 3445 3596 3525 possit
3632 3449 3805 3525 acqui:

2192 3526 2259 3591 ri,
2294 3537 2457 3589 quam
2489 3531 2691 3587 quanta
2743 3534 2823 3581 est
2859 3520 3080 3575 minima
3135 3518 3296 3574 unius
3326 3533 3394 3572 ex
3432 3514 3618 3571 liberis
3652 3516 3803 3582 primi

2189 3591 2359 3661 thori,
2412 3588 2638 3649 Jacobus
2688 3587 2868 3647 Coren
2924 3586 3117 3643 observ.
3168 3582 3255 3642 30.
3280 3620 3286 3625 ·
3309 3605 3381 3640 η..
3418 3598 3508 3654 27.
3562 3583 3634 3647 (ς
3681 3600 3802 3654 seqq.

2191 3660 2608 3730 Groenewegen
2662 3657 2745 3713 ad
2769 3659 2823 3715 d.
2860 3657 2894 3715 l.
2936 3658 2988 3716 6.
3036 3654 3160 3714 cod.
3196 3656 3262 3710 de
3314 3652 3521 3710 secund.
3576 3670 3724 3723 nupt.
3757 3673 3804 3706 a.

2190 3732 2243 3789 5.
2277 3725 2442 3799 (licet
2477 3731 2545 3786 de
2580 3734 2733 3797 praxi
2765 3730 3041 3787 contraria
3080 3744 3169 3795 per
3206 3723 3562 3787 Hollandiam
3616 3721 3807 3780 scribat

2190 3802 2326 3859 Ant.
2366 3796 2698 3863 Mattheus3
2734 3798 2938 3867 quoties
2991 3799 3133 3857 idem
3169 3809 3353 3866 pacto,
3408 3794 3554 3862 quod
3587 3807 3807 3860 statum,

2188 3878 2332 3927 circa
2367 3871 2805 3926 communionem
2838 3868 3199 3925 universalem
3232 3879 3451 3922 cautum
3484 3878 3585 3934 est,
3606 3863 3676 3919 de
3707 3866 3805 3920 cei-

2189 3938 2375 3998 mt'nib.
2413 3937 2500 3994 lib.
2556 3935 2643 4006 48.
2678 3939 2762 3992 tit.
2812 3937 2878 3992 de
2910 3938 3135 3993 adulter.
3173 3951 3287 4005 cap.
3342 3950 3392 4006 7.
3428 3955 3483 3991 n.
3521 3934 3617 4003 24.
3670 3938 3804 3993 circa

2189 4011 2326 4066 med.
2365 4028 2505 4066 vers.
2543 4027 2674 4063 rane
2708 4010 2757 4063 si
2790 4008 3030 4081 conjuges
3065 4002 3401 4077 comeripeir).
3460 4002 3535 4060 Et
3570 4008 3808 4075 quamvis

2190 4081 2246 4139 in
2284 4076 2586 4138 Hollandia
2622 4075 2850 4134 liberum
2889 4079 3049 4163 vulgo
3065 4073 3386 4149 conjugibus
3418 4080 3508 4146 sit,
3542 4075 3808 4135 exclusam

2186 4153 2355 4221 pactis
2404 4147 2674 4215 dotalibus
2722 4164 3159 4206 communionem
3210 4147 3567 4204 universalem
3620 4146 3810 4203 iterum

2187 4240 2278 4291 per
2328 4217 2799 4280 testamentariam
2851 4219 3259 4297 dispositipnem
3296 4218 3585 4286 reducere,
3623 4216 3808 4285 pactis-

2185 4311 2287 4362 que
2335 4292 2595 4362 derogare
2617 4328 2635 4355 ,
2669 4302 2854 4345 tamen
2892 4294 2955 4344 in·
2986 4288 3353 4356 prejudicium
3390 4286 3684 4344 liberorum
3704 4287 3807 4354 pri·

2186 4363 2263 4417 mi
2299 4360 2443 4417 thori
2500 4358 2625 4416 talis
2677 4359 2914 4419 reductio
2964 4358 3358 4419 communionis
3411 4359 3649 4415 admissa
3702 4372 3807 4413 non

2185 4446 2304 4498 est,·
2356 4435 2551 4502 quippe
2584 4423 2690 4495 ,iam
2745 4448 2856 4487 non
2912 4441 3138 4499 statuto,
3190 4427 3279 4484 sed
3316 4425 3516 4496 judicio
3567 4442 3809 4496 supremo

2185 4503 2453 4574 originem
2521 4497 2759 4569 debens,
2812 4494 3141 4556 Neostadius
3193 4496 3255 4552 de
3303 4499 3471 4565 pac-11⁰1
3544 4512 3805 4581 antenupt-

2185 4569 2376 4629 observ.
2433 4567 2579 4639 41⁸1»
2628 4570 2761 4623 notis·
2780 4610 2799 4640 ,
2836 4589 2887 4622 n.
2923 4563 2973 4622 3.
3029 4586 3165 4625 vers.
3201 4565 3342 4639 quod
3366 4566 3432 4629 (ι’
3485 4567 3651 4629 baud.
3705 4565 3807 4631 bed

2183 4655 2249 4700 ex
2282 4643 2508 4700 adverso
2561 4628 2768 4694 facilius
2817 4656 2901 4708 ea,
2936 4655 3048 4710 qus:
3084 4638 3156 4695 ab
3191 4641 3350 4695 initio
3384 4659 3478 4708 per
3532 4642 3805 4698 matrimo-

2183 4718 2333 4775 nium
2371 4709 2590 4777 inducta
2642 4721 2780 4781 erat,
2815 4708 3028 4786 excludi
3060 4722 3240 4773 stante
3293 4714 3652 4771 matrimonio
3684 4722 3796 4782 pot·

3560 2298 3576 2312 .
3636 2253 3807 2315 Groe-

3687 2344 3811 2382 ven

2742 2192 2792 2260 4.
2830 2197 2888 2248 in
2922 2195 3077 2250 noeis.
3135 2187 3301 2260 Hugo
3335 2186 3564 2244 Grotius
3624 2205 3814 2242 manu-
3910 2237 3911 2242 ,
