3971 5383
594 224 688 308 90

1764 217 1902 282 Lib.
1957 213 2129 284 XIV.

2182 213 2308 282 Tit.
2363 205 2485 279 m.
2564 215 2575 226 ‘

488 308 816 381 eedoniani‚
874 308 909 366 l.
947 309 1076 364 item
1110 305 1159 363 η’
1177 302 1461 434 filiugsseg.
1499 299 1553 376 5.
1603 325 1704 364 non
1735 309 1904 368 solum
1954 307 2009 365 6.
2040 306 2109 380 ffi
2168 307 2261 365 sed
2295 305 2541 371 siluerim
2593 318 2664 362 eo
2696 298 2839 375 quod
2873 295 2959 359 lex
2994 290 3136 370 patri
3190 294 3559 357 necessitatem
3611 275 3791 370 impo‘

492 377 544 434 b·
580 395 621 435 t.
658 384 771 437 sive
789 379 1032 448 privatus
1064 378 1162 448 sit,
1195 378 1291 455 qui

1435 378 1555 447 rdit,
1589 378 1702 434 sive
1717 381 1952 446 civitas;
1987 394 2112 435 cum
2168 380 2299 449 suit,
2334 388 2395 432 ut
2412 378 2679 432 continuo
2712 372 2997 433 contraria
3023 368 3339 428 voluntatis*
3362 376 3670 442 interponat
3704 383 3791 427 te·-

489 452 547 508 &
582 450 830 504 civitates
863 449 1197 519 privatorum
1231 463 1346 515 Jure
1379 461 1633 519 regantur
1706 449 1743 504 Ι.
1781 449 1918 506 nihil
1950 448 2112 503 inter-
2169 453 2480 514 stationem,
2511 445 2559 501 si
2588 441 2735 502 ,nolit
2773 438 2954 497 aetum
2987 441 3072 496 sui
3110 435 3446 495 filiifamilias
3477 451 3656 496 ratum
3688 437 3791 493 ha-

488 533 566 573 est
608 518 688 575 15.
712 514 790 586 ffi
821 516 871 574 b.
907 534 946 574 t.
985 513 1153 585 jun&
1188 516 1246 571 l.-
1266 537 1407 598 εφη,
1441 520 1532 588 qui
1567 487 1797 602 vehigal
1831 517 1914 576 16.
1936 513 2013 587 ff
2050 514 2112 571 de
2170 516 2314 586 bere,
2351 514 2390 570 l.
2428 515 2476 570 η’
2493 509 2828 599 filiafamil.
2873 509 2952 568 16.
2976 506 3055 579 ff
3085 507 3136 566 b.
3171 523 3212 564 t.
3270 506 3463 579 ibique·
3483 505 3793 592 Gothpfre·

489 584 628 642 verb.
666 584 839 659 signifi
874 603 1004 643 nam
1037 589 1095 646 ἃ
1113 625 1131 656 ,
1166 586 1214 642 si
1247 602 1429 641 minor
1463 587 1749 644 crediderit
1768 626 1786 658 ,
1842 586 1944 643 hac
1978 603 2110 657 quo-
2168 587 2267 644 dus
2302 589 2360 642 in
2394 601 2530 640 noter
2546 624 2567 651 ,
2628 601 2688 638 ar
2728 622 2742 636 .
2780 579 3089 635 Clementia.
3148 593 3196 633 1.
3234 575 3298 631 de
3363 576 3751 635 recuratur-ebur
3769 617 3793 648 ,

490 674 593 725 que
625 656 943 726 exceptione
978 654 1159 726 repelli
1194 668 1406 739 posset.
1463 653 1728 727 Quamvis
1781 673 1967 714 verum
2001 661 2115 728 sit,
2174 654 2586 712 Brunnemanus
2637 672 2675 707 a
2748 648 2917 706 fund.
2953 647 3035 705 ad
3060 648 3113 704 d.
3148 651 3186 705 l.
3239 646 3308 705 ad
3428 645 3791 707 Menochium

491 726 814 796 quandoque
834 767 852 795 ,
885 742 1046 783 causa
1078 739 1302 797 cognita
1324 765 1342 793 ,
1376 727 1576 803 minori
1611 726 1854 783 credenti
1891 727 2109 784 restitu-

489 798 696 852 tionem
730 794 886 853 in'dul
922 797 1002 852 eri
1022 836 1040 866 ,
1092 806 1253 863 atque
1288 795 1367 849 ita
1402 811 1658 863 mayorem
1689 797 1896 867 set-atis,
1950 811 2112 870 quam

483 812 941 924 senatusconsuffi
976 858 1170 934 huius,
1207 866 1481 922 rationem
1514 883 1624 923 esse
1644 905 1661 935 ,
1706 866 1744 921 Ι.
1782 869 1831 922 si
1863 869 1979 936 quir
2009 881 2113 946 pas

381 993 392 1004 ,
487 932 872 1006 teemfamiliat
924 930 984 1012 5.-
1014 929 1068 1008 5.
1103 931 1314 1004 proinde
1348 947 1397 987 2.
1421 931 1498 1004 ffl
1536 933 1586 990 b.
1622 948 1662 991 t.
1701 935 1738 990 Ι.
1776 955 1961 993 verum
2027 953 2109 996 11.

487 998 545 1076 5.
581 1006 677 1061 ult.
709 1006 775 1076 ff.
812 1003 876 1059 de
908 1024 1098 1061 mmor.
1135 1002 1221 1059 25.
1259 1007 1453 1075 annis,
1495 1021 1609 1060 'nec
1642 1003 1934 1063 absurdum
1990 1003 2111 1065 fue·-

489 1073 607 1146 rit,
660 1079 938 1132 minorum
969 1072 1218 1144 exemplo
1251 1074 1392 1142 ipsas
1426 1089 1634 1143 quoque
1665 1077 1916 1134 civitates
1949 1093 2110 1134 causa

488 1145 717 1217 cognita
752 1161 846 1212 per
881 1144 1279 1200 restitutionem
1314 1140 1406 1198 hic
1440 1155 1595 1201 extra
1629 1145 1880 1204 ordinem
1913 1142 2110 1218 juvari,

2170 723 2235 781 de
2266 738 2527 791 praesumt.
2567 720 2654 779 lt’b.
2691 716 2744 776 5.
2776 733 2919 788 praes.
2952 715 3041 776 65.
3542 792 3546 795 Α

2210 792 2290 851 ’5.
2325 792 2511 852 Cessat
2555 797 2772 862 iusuper
2824 784 3347 847 senatusconsultum
3364 829 3387 859 ,
3435 788 3483 844 si
3520 790 3800 845 institorio

2170 865 2391 921 nomine
2445 858 2822 919 filiusfamilias
2856 870 3103 916 mutuum
3155 865 3441 929 sumserit,
3494 859 3610 915 sive
3642 869 3798 927 patre

2169 934 2287 991 sive
2312 944 2587 989 extraneo
2620 937 2979 1002 praeponen‘te,
3014 929 3080 983 in
3116 941 3378 995 quantum
3414 928 3692 986 institoria
3729 946 3799 984 a·

2173 999 2288 1059 &io
2324 1003 2384 1058 in
2419 1017 2741 1060 extraneum
2777 997 2931 1054 illum
2951 1039 2968 1067 ,
2999 996 3087 1055 vel
3122 1012 3333 1065 patrem
3364 1008 3760 1068 praeponentem
3780 1042 3805 1071 ,

2169 1075 2284 1130 sine
2314 1067 2773 1129 senatusconsulti
2806 1069 3126 1138 exceptione
3159 1068 3320 1126 datur
3338 1108 3358 1139 ‚
3403 1070 3439 1125 Ι.
3477 1073 3609 1125 irem
3643 1074 3697 1127 ri
3710 1067 3803 1138 ft-

2171 1138 2313 1215 lt‘mfi
2344 1135 2401 1216 5.
2440 1139 2832 1199 interdum'n.
2853 1135 2930 1209 ffi
2968 1137 3019 1194 b.
3055 1154 3095 1194 t.
3135 1133 3197 1192 Si
3222 1139 3279 1200 in
3314 1154 3405 1195 eos
3438 1155 3562 1197 usus
3597 1142 3649 1194 ei
3671 1158 3796 1198 cre-

490 1232 554 1270 ar
594 1259 605 1272 .
640 1215 678 1269 l.
714 1212 1092 1283 rempublicam
1141 1208 1195 1267 5.
1231 1213 1287 1269 C.
1323 1212 1390 1268 de
1405 1212 1541 1283 jure
1573 1213 1892 1286 reipublic-t,
1928 1217 1965 1274 Ι.
2003 1236 2111 1271 νη-
2167 1212 2347 1270 ditum
2364 1251 2382 1281 ,
2416 1214 2478 1269 in
2511 1230 2642 1282 quos
2674 1210 2791 1279 ipse
2824 1220 2977 1276 pater
3019 1203 3205 1263 fuisset
3260 1207 3581 1266 tantundem
3630 1208 3795 1268 datu-

591 1285 697 1340 lica
735 1282 788 1353 4.
826 1284 881 1339 C.
917 1279 1160 1407 '²2⁹³b‘
1196 1285 1373 1339 cautis·
1426 1284 1662 1355 majores
1679 1323 1699 1353 ,
1747 1302 1864 1358 arg.
1901 1286 1940 1342 l.
1975 1283 2122 1343 illud
2166 1299 2259 1339 ,rus
2280 1322 2301 1352 ,
2332 1280 2497 1340 veluti
2533 1276 2688 1337 filios.
2725 1279 3026 1335 studiorum
3077 1293 3236 1333 cause
3270 1296 3339 1335 ex
3376 1278 3663 1336 voluntate
3692 1297 3796 1349 pa-

491 1352 763 1411 rtiendum
797 1364 850 1424 9.
871 1349 953 1424 ff

494 1425 654 1479 annis
675 1464 690 1479 .
727 1421 783 1479 Ο
819 1428 969 1493 ponit
1000 1434 1184 1481 autem
1219 1421 1362 1479 hanc
1395 1424 1765 1491 exceptionem
1801 1442 1917 1482 non
1949 1426 2114 1483 modo
2170 1415 2371 1479 dicitur
2411 1417 2491 1478 13.

1087 1352 1334 1422 appellat.
1386 1349 1548 1409 Adde
1600 1368 1641 1409 t.
1677 1353 1744 1408 de
1778 1359 1966 1413 minor.
2020 1354 2110 1413 2⁵.
2171 1356 2306 1422 tris,
2350 1366 2451 1409 aut
2481 1350 2532 1408 le
2569 1348 2770 1406 ationis
2840 1348 2979 1405 tatia
3010 1344 3265 1431 absenti,

3319 1346 3372 1403 A.
3407 1348 3445 1404 Ι.

2577 1461 2591 1474 .
2627 1418 2681 1476 b.
2719 1435 2760 1475 t.
2821 1458 2835 1472 .
2873 1415 3258 1474 Macedoniam
3290 1414 3343 1473 5.
3380 1416 3436 1472 C.
3475 1362 3532 1474 Z.
3564 1343 3623 1475 t§.
3660 1347 3809 1479 liucoe‘t:l

491 1499 604 1563 ipse
641 1491 778 1549 filius
840 1493 1054 1563 milias,
1105 1493 1222 1549 sive
1256 1492 1487 1550 durante
1520 1494 1635 1548 sive
1667 1492 1928 1553 dissoluta
1960 1508 2112 1565 pote-
2171 1505 2300 1548 runc
2337 1488 2480 1549 forte
2514 1488 2659 1548 filius
2693 1488 2977 1557 pecuniam
3014 1486 3165 1542 illam
3186 1486 3535 1558 perdidisset,
3569 1488 3604 1544 Ι.
3628 1494 3803 1558 inpu-

489 1576 636 1621 state
672 1565 847 1632 patria
883 1568 1243 1619 conveniatur
1261 1581 1284 1627 ‚·
1318 1563 1410 1619 sed
1444 1565 1498 1620 &
1535 1576 1689 1632 pater
1720 1562 1854 1634 ejus,
1905 1558 1959 1637 §.
1993 1581 2110 1635 pen.
2166 1558 2411 1631 pillor47.
2445 1553 2502 1633 5.
2539 1553 2683 1628 ¹·.ffl
2716 1557 2783 1613 de
2816 1559 3055 1614 solution.
3094 1555 3345 1636 ldemflue
3379 1556 3513 1627 iuris
3547 1576 3659 1617 esse
3693 1576 3805 1628 pu·-

491 1635 665 1694 instit.
702 1630 842 1703 quod
867 1652 993 1689 cum
1027 1651 1106 1703 eo,
1173 1634 1229 1689 ui
1259 1635 1316 1687 in
1350 1633 1512 1688 alien.
1547 1647 1727 1701 potest.
1761 1637 1818 1694 ὅ(
1837 1642 2113 1707 utriusque

495 1703 739 1773 heredes,
774 1703 809 1757 l.
846 1703 974 1758 item
1011 1704 1059 1758 ri
1087 1652 1371 1781 fijiusfam.
1410 1715 1463 1773 7.
1496 1701 1548 1773 5.
1570 1721 1734 1775 quam
1767 1724 1900 1761 uam
1943 1722 2025 1765 10.
2034 1701 2112 1773 ff

495 1777 551 1832 b.
586 1789 628 1829 t.
665 1791 728 1829 ac
765 1770 1101 1828 filiifamilias
1137 1769 1468 1838 fidetussores
1499 1777 1556 1832 δε
1589 1784 1717 1829 man
1757 1788 1968 1849 atores,
2001 1781 2114 1833 sive

496 1849 627 1900 vivo
656 1848 772 1900 sive
804 1855 1023 1900 mortuo
1075 1837 1427 1897 filiofamilias
1486 1839 1753 1914 fidejussio
1806 1842 1950 1903 faeta
2003 1851 2115 1914 sit,

495 1918 609 1970 nisi
639 1913 882 1971 donandi
917 1911 1107 1968 animo
1139 1916 1578 1982 intercessissent,
1610 1927 1709 1972 aut
1740 1931 1808 1972 ex
1825 1918 2000 1986 patris
2018 1933 2114 1973 vo-

496 1982 730 2053 luntate,
764 1983 804 2038 Ι.
840 1980 937 2036 red
964 1984 1011 2038 si
1112 1978 1440 2055 tetfamiliar
1473 1994 1528 2055 9.
1563 1978 1619 2053 5.
1654 2004 1757 2041 non
1781 1986 1952 2043 solum
1985 1982 2040 2042 5.
2070 1987 2107 2042 Ι.

497 2051 807 2110 creditorem
872 2046 951 2108 18.
1039 2098 1052 2111 .
1081 2051 1135 2109 b.
1170 2068 1213 2107 ε.
1247 2052 1285 2107 Ι.
1321 2059 1628 2122 exceptiones
1663 2066 1714 2125 7.
1750 2047 1894 2124 5.1.
1929 2055 1996 2112 de
2027 2077 2114 2112 ex·

499 2125 720 2193 ception.
753 2120 811 2180 N
913 2140 943 2178 e
979 2124 1221 2191 interest,
1254 2135 1439 2179 utrum
1475 2121 1824 2182 filiofamilias
1854 2124 1955 2184 sub
1988 2144 2114 2185 usu-

496 2193 576 2250 ris
607 2204 799 2250 mutua
872 2205 961 2248 ata
995 2187 1161 2248 fuerit
1197 2193 1444 2264 pecunia,
1480 2209 1545 2249 ac
1577 2200 1695 2252 sine
1728 2197 1940 2263 usuris;
1991 2215 2116 2256 cum

493 2268 516 2319 i
643 2263 880 2333 pecuniae
914 2263 1067 2320 datio
1099 2263 1398 2331 perniciosa
1430 2262 1743 2332 parentibus
1773 2282 1961 2322 eorum
1996 2268 2116 2324 visa

489 2280 656 2391 ffiit
676 2372 694 2400 ‚
728 2335 786 2390 ὅτ
802 2373 822 2402 ,
858 2331 1253 2401 repraesentatis
1285 2349 1355 2389 ex
1373 2331 1509 2401 -ipso
1541 2346 1733 2389 mutuo
1780 2333 1911 2392 dato
1944 2331 2116 2393 fiituri

496 2401 755 2472 temporis
806 2406 1017 2471 usuris,
1064 2399 1218 2458 fraus
1271 2398 1430 2460 facile
1478 2403 1944 2463 senatusconsulto
1998 2404 2116 2465 fieri

496 2487 672 2541 posset
672 2511 704 2549 ,
754 2476 903 2538 quasi
957 2476 1073 2528 sine
1103 2472 1282 2527 usuris
1313 2471 1581 2530 creditum
1612 2485 1784 2546 esset,
1832 2475 1870 2533 Ι.
1906 2477 2036 2531 item
2073 2479 2119 2532 si

489 2541 621 2615 filiu
675 2561 787 2596 am.
825 2557 877 2612 7.
912 2535 964 2615 §.
1001 2545 1111 2599 sive
1145 2558 1329 2598 aurem
1360 2556 1415 2613 9.
1437 2541 1514 2613 ᾖ
1550 2543 1600 2600 b.
1635 2559 1678 2599 t.
1713 2542 1879 2614 jun&
1915 2543 1952 2600 1.
1990 2542 2042 2601 3.
2062 2541 2113 2617 5.

498 2611 554 2671 5.
640 2654 654 2667 .
674 2612 725 2667 b.
744 2628 785 2667 t.
820 2630 944 2685 nec,
977 2624 1162 2668 utrum
1191 2625 1493 2670 conventus
1526 2630 1593 2670 ex
1612 2626 1801 2671 mutuo
1835 2611 1946 2685 jam
1980 2634 2115 2672 con-

500 2686 789 2745 demnatus
819 2683 909 2753 sit,
943 2699 1019 2739 an
1035 2687 1336 2741 etiamnum
1369 2681 1721 2752 lispendeat3
1755 2702 1887 2742 narn
1921 2687 1979 2746 &-
1997 2699 2117 2755 post

499 2755 828 2815 sententiam
844 2754 916 2812 ad
938 2752 1334 2822 impediendam
1366 2755 1736 2813 executionem
1769 2751 1883 2825 ejus
1902 2754 2007 2812 hac
2020 2773 2115 2815 ex-

503 2825 752 2895 ceptione
789 2827 871 2880 uti
906 2820 1054 2893 licet,
1086 2823 1126 2879 l.
1161 2839 1349 2880 tamen
1388 2841 1469 2881 11.
1502 2822 1568 2894 ffi
1607 2822 1658 2881 b.
1693 2841 1736 2881 t.
1771 2827 1913 2894 quod
1931 2838 2114 2883 tamen

429 2936 434 2941 -
502 2895 795 2955 secundum
827 2894 1022 2962 praxin
1056 2910 1170 2950 non
1204 2891 1386 2964 licere,
1421 2894 1529 2952 nisi
1567 2891 1732 2952 fuerit
1766 2895 2115 2967 appellatum,

435 2994 440 2997 -
503 2977 688 3022 monet
724 2962 1146 3034 Groenewegen
1184 2961 1266 3016 ad
1289 2960 1343 3018 d.
1380 2963 1417 3018 Ι.
1461 2981 1544 3019 11.
1571 2960 1648 3034 ff]
1685 2962 1739 3021 h.
1776 2979 1819 3020 t.

576 3032 629 3103 4.
668 3031 865 3090 Gessat
899 3030 1085 3090 multis
1135 3035 1197 3088 in
1229 3030 1439 3090 casibus
1491 3031 1602 3091 haec
1652 3034 1935 3104 exceptio;
1969 3070 1975 3077 -

506 3107 570 3161 in
603 3107 859 3161 castrensi
893 3102 1140 3175 peculio,
1181 3102 1220 3159 l.
1262 3118 1308 3157 1.
1345 3105 1405 3157 ia
1421 3100 1574 3173 fine,
1627 3104 1693 3165 Θ*
1727 3106 1766 3162 Ι.
1803 3120 1857 3159 2.
1880 3105 1949 3174 ff.
2025 3143 2038 3158 .
2075 3119 2116 3160 t.

506 3192 575 3232 ac
610 3170 725 3244 iure
757 3190 903 3230 novo
934 3175 1100 3230 etiam
1134 3179 1192 3230 in
1227 3172 1382 3241 quasi
1414 3175 1677 3230 castrensi
1727 3178 1784 3234 δι
1821 3172 1983 3244 pleno
2020 3173 2120 3231 ad-

504 3245 760 3314 ventitio,
793 3260 904 3316 arg.
942 3242 1123 3299 novell.
1167 3256 1286 3323 [ιχ.
1318 3257 1434 3311 cap.
1480 3261 1523 3299 1.
1560 3237 1702 3315 5.1.
1740 3244 1776 3300 Ι.
1813 3244 1910 3302 ult.
1945 3261 2023 3315 pr.
2060 3244 2117 3300 C.

507 3315 575 3372 de
606 3314 719 3371 bon.
754 3332 866 3385 qua
898 3310 1097 3370 libes-ir.
1152 3310 1216 3369 Si
1250 3329 1395 3382 suasu
1431 3312 1518 3370 vel
1548 3330 1809 3372 consensu
1858 3313 1943 3371 vel
1979 3315 2116 3371 rati-

504 3385 791 3445 habitione
823 3384 995 3456 patris
1025 3395 1278 3439 mutuum
1307 3386 1359 3438 ei
1391 3381 1585 3439 datum
1614 3386 1710 3454 sit,
1744 3384 1783 3441 Ι.
1824 3383 2121 3441 Zenodomr

503 3470 557 3516 a.
594 3456 632 3513 l.
666 3459 714 3512 ri
737 3457 1070 3524 permittente
1120 3451 1174 3522 4.
1210 3453 1249 3508 l.
1282 3451 1380 3509 ult.
1417 3451 1474 3507 C.
1510 3452 1564 3509 h.
1600 3468 1642 3509 t.
1678 3458 1727 3510 η’
1758 3469 1976 3512 tantum
2038 3470 2119 3510 12.

504 3523 575 3597 ff
608 3525 663 3584 b.
699 3542 740 3583 t.
779 3525 865 3582 vel
900 3525 1082 3593 nepoti
1116 3541 1184 3581 ex
1203 3538 1346 3590 jussu
1380 3524 1491 3593 avi,
1527 3538 1641 3578 non
1680 3525 1813 3583 item
1848 3524 2019 3593 patris
2038 3525 2123 3579 in-

506 3596 758 3657 termedii
787 3592 944 3652 simul
976 3610 1101 3651 cum
1128 3604 1325 3662 nepote
1361 3592 1419 3648 in
1449 3596 1960 3674 potestate0retenti‚
1996 3595 2035 3650 l.
2047 3591 2122 3665 fi-

509 3667 647 3727 lium
690 3663 771 3733 14.
806 3662 870 3735 θ’.
908 3663 962 3720 b.
992 3681 1033 3720 t.
1072 3675 1135 3721 ut
1169 3677 1350 3720 tamen
1384 3678 1450 3718 ex
1467 3679 1533 3719 eo
1566 3663 1684 3718 solo
1718 3680 1888 3731 jussus
1920 3677 2014 3720 aut
2034 3681 2123 3719 ra·

510 3736 777 3795 tinabitio
810 3739 980 3803 patris
1012 3751 1126 3791 non
1160 3731 1433 3802 probetur,
1465 3732 1610 3800 quod
1645 3731 1786 3791 forte
1822 3730 1962 3790 filiis.
1998 3731 2117 3788 chi-

510 3805 840 3881 rographum
872 3817 1099 3874 paterno
1129 3801 1311 3886 sigillo
1341 3821 1370 3858 s

2172 1644 2251 1701 to,
2286 1634 2331 1686 si
2365 1646 2476 1688 non
2513 1629 2613 1701 ipsi
2646 1624 2803 1684 filiof.
2842 1627 3143 1684 studiorum
3190 1643 3352 1684 causa
3388 1629 3807 1700 peregrinanti,

2174 1701 2267 1758 sed
2298 1697 2500 1769 ephoro
2533 1693 2649 1767 ejus
2680 1715 2714 1753 a
2748 1709 2897 1767 patre
2926 1701 3234 1754 constituto
3262 1698 3530 1755 creditum
3563 1698 3652 1754 sit.
3690 1696 3800 1755 Vi..

2171 1772 2238 1828 de
2271 1768 2409 1827 Ant.
2447 1767 2770 1827 Matthaeum
2804 1766 2869 1822 de
2892 1765 3000 1823 obl·
3030 1809 3043 1823 .
3081 1766 3211 1836 disp.
3247 1778 3300 1840 9.
3328 1767 3458 1824 rhet.
3503 1779 3586 1824 11.
3621 1766 3691 1830 Θ
3713 1783 3802 1825 12.

2173 1837 2417 1908 Adhaec,
2451 1842 2498 1896 si
2534 1845 2592 1897 in
2625 1854 2739 1895 rem
2774 1842 2943 1906 patris
2978 1855 3008 1894 a
3083 1837 3251 1896 initio
3282 1847 3566 1907 acceptum
3599 1836 3800 1895 simul-

2173 1926 2274 1979 que
2318 1912 2488 1967 etiam
2542 1923 2752 1966 versum
2802 1911 2909 1974 sit3
2963 1905 3169 1976 veluti,
3223 1907 3272 1961 si
3306 1903 3486 1963 filinsfi
3545 1919 3800 1966 mutuum

2172 1984 2419 2038 sumserit
2440 2018 2460 2047 ,
2509 1992 2573 2036 ut
2610 1976 2783 2034 filiam
2816 1989 2967 2033 suam
2984 2017 3007 2048 ,
3039 1973 3127 2035 vel
3160 1992 3401 2035 sororem
3433 1993 3584 2035 suam
3605 2017 3625 2050 ‚
3678 1994 3805 2101 qua

2174 2051 2341 2120 patris
2374 2053 2675 2107 communis
2710 2045 2823 2103 filia
2856 2055 2977 2117 est,
3028 2049 3282 2118 dotaret,
3336 2047 3425 2106 vel
3462 2059 3522 2104 ut
3558 2067 3625 2105 aes
3658 2065 3689 2104 a
3717 2052 3801 2106 ie-

2174 2135 2344 2191 num,
2377 2116 2529 2190 cujus
2563 2121 2784 2176 nomine
2817 2125 3210 2186 pater‘·quoque
3244 2116 3561 2186 tenebatur,
3613 2116 3804 2176 exsol-

2177 2200 2321 2247 veret
2340 2229 2360 2262 ,
2409 2191 2467 2249 δε
2500 2187 2776 2254 dotaverit
2810 2185 3139 2254 solveritve5
3192 2202 3316 2244 cum
3349 2205 3416 2244 eo
3448 2203 3574 2244 casu
3626 2187 3694 2246 de
3728 2188 3796 2245 in

2174 2275 2287 2315 rem
2320 2273 2476 2314 verso
2509 2255 2653 2316 aRio
2687 2257 2760 2312 sit
2814 2255 2850 2311 Ι.
2885 2258 3015 2312 t‘tem
3050 2258 3101 2313 si
3117 2253 3521 2330 filiafamiliar
3594 2298 3608 2312 .
3665 2300 3680 2314 .
3704 2255 3816 2330 ¹sed

2174 2327 2243 2390 δ’
2275 2328 2322 2383 ri
2339 2324 2533 2399 fiiurfi
2571 2344 2627 2383 2.
2662 2327 2702 2383 Ι.
2725 2293 3124 2398 filiafamilias
3167 2342 3247 2398 17.
3269 2325 3348 2396 ff
3378 2327 3430 2385 b.
3466 2344 3510 2385 r.
3626 2344 3714 2384 arn
3751 2329 3803 2386 si

2174 2408 2453 2466 acceptum
2483 2399 2697 2468 quidem
2733 2403 2792 2453 in
2828 2413 2944 2454 rem
2978 2401 3162 2469 patris,
3198 2404 3258 2455 in
3278 2396 3412 2454 alios
3446 2410 3632 2456 tamen
3651 2415 3805 2470 usnz,

2173 2470 2316 2538 patri
2350 2484 2463 2525 non
2499 2467 2679 2537 utiles,
2711 2484 3031 2525 conversum
3065 2470 3156 2541 sit,
3190 2471 3491 2539 exceptioni
3531 2467 3680 2526 locus
3712 2486 3804 2526 es·-

2174 2549 2275 2610 set‚
2308 2549 2551 2596 cessante
2585 2550 2719 2595 tunc
2751 2537 2825 2594 de
2854 2542 2914 2593 in
2947 2555 3064 2595 rem
3099 2556 3254 2597 verso
3288 2536 3535 2609 afflone,
3588 2537 3625 2594 l.
3661 2536 3809 2611 quod

2177 2610 2227 2664 rt·
2256 2627 2436 2665 servm·
2472 2603 2524 2663 5.
2561 2602 2614 2680 5.
2651 2597 2751 2664 led
2775 2608 2826 2662 si
2858 2609 2933 2664 sic
2964 2619 3020 2680 9.
3108 2650 3121 2665 .
3158 2609 3223 2663 de
3256 2611 3315 2666 in
3351 2629 3463 2666 rem
3514 2627 3688 2681 verso,
3741 2605 3806 2665 d.

2175 2677 2213 2734 l.
2248 2690 2301 2750 7.
2337 2671 2390 2755 5.
2419 2676 2630 2749 proinde
2672 2691 2753 2735 12.
2790 2680 2849 2735 in
2865 2676 2988 2742 fine
3072 2720 3087 2734 .
3123 2679 3174 2739 b.
3212 2695 3253 2737 t.
3304 2675 3403 2737 Uti
3451 2698 3482 2737 e
3517 2678 3808 2737 contrario

2174 2754 2423 2817 exceptio
2455 2766 2666 2819 quoque
2698 2749 2885 2808 danda
2921 2745 3081 2822 soret,
3116 2755 3162 2806 si
3199 2767 3310 2806 non
3347 2751 3405 2805 in
3442 2765 3556 2805 rem
3591 2754 3761 2818 patris
3784 2791 3808 2823 ,

2175 2817 2270 2876 sed
2302 2835 2473 2890 suarn,
2506 2818 2577 2874 ab
2611 2819 2777 2874 initio
2811 2829 3062 2875 mutuum
3095 2820 3364 2891 sumserit,
3399 2820 3612 2875 etiamsi
3745 2833 3808 2876 t·-

2174 2905 2241 2945 ea
2276 2889 2335 2947 in
2371 2892 2536 2958 patris
2574 2890 2816 2946 vertisset
2853 2889 3189 2957 utilitatem3
3224 2904 3346 2944 cum
3378 2890 3545 2945 etiarn
3578 2837 3809 2947 &lasne

2175 2960 2282 3031 sit,
2315 2959 2363 3013 si
2397 2963 2498 3029 ipsi
2534 2960 2741 3015 nummi
2776 2971 2968 3014 mutuo
3018 2960 3136 3016 dati
3167 2956 3465 3015 etiamnum
3510 2971 3700 3016 extent
3734 2960 3803 3016 in

2178 3027 2406 3099 peculio,
2440 3028 2602 3095 idque
2618 3027 2910 3085 secundum
2945 3027 3401 3086 senatusconsulti
3436 3030 3806 3103 severitatem,

2158 3097 2212 3152 ΔΙ.
2250 3098 2349 3153 sed
2376 3098 2425 3153 η’
2448 3095 2640 3173 pineis
2674 3112 2726 3169 9.
2760 3090 2815 3168 5.
2855 3096 2944 3153 boc
2978 3097 3489 3156 senatusconsultum
3526 3116 3576 3153 2.
3583 3094 3658 3169 ff
3680 3096 3732 3155 b.
3751 3117 3799 3157 t.

2179 3166 2309 3227 licet
2342 3166 2586 3237 alioquin
2625 3183 2809 3225 verum
2842 3169 2952 3237 sit,
2986 3165 3256 3226 afflonem
3287 3168 3357 3226 de
3395 3169 3453 3227 in
3492 3185 3604 3227 rem
3640 3186 3805 3237 verso

2177 3239 2343 3294 etiam
2378 3249 2509 3295 tunc
2544 3236 2721 3293 locum
2754 3234 2972 3307 habere,
3005 3256 3128 3295 cum
3147 3238 3217 3294 ab
3236 3238 3399 3295 initio
3433 3257 3546 3296 non
3583 3238 3643 3293 in
3681 3255 3802 3300 rem

2179 3307 2407 3377 domini,
2441 3306 2535 3363 sed
2571 3307 2630 3360 in
2667 3305 2953 3376 peculium,
2984 3308 3115 3375 quid
3150 3321 3804 3381 acceptumversumque,

2181 3393 2308 3433 mox
2342 3377 2402 3433 in
2437 3392 2552 3433 rem
2587 3379 2756 3446 patris
2789 3394 3104 3435 conversum
3136 3392 3217 3436 est
3238 3420 3256 3449 ,
3292 3380 3328 3435 l.
3367 3378 3510 3450 qued
3535 3383 3584 3435 si
3618 3398 3803 3437 rervm·

2181 3443 2232 3502 5.
2268 3442 2323 3518 5.
2360 3449 2419 3502 in
2453 3462 2565 3502 rem
2608 3463 2653 3503 1.
2690 3450 2746 3504 t’n
2774 3446 2908 3517 fi'st‘x
2940 3446 2976 3502 Ι.
3013 3451 3064 3505 se'
3097 3469 3178 3504 res
3213 3448 3421 3503 domino
3455 3449 3506 3506 5.
3538 3442 3591 3522 5.
3622 3447 3808 3521 alt.ffi

2180 3515 2243 3572 de
2279 3521 2337 3573 in
2373 3536 2485 3573 rem
2530 3534 2707 3573 veno.
2766 3516 2965 3588 Plane,
3020 3520 3069 3575 si
3103 3518 3174 3575 ab
3211 3519 3373 3574 initio
3424 3516 3805 3578 filiusfamilias

2182 3585 2499 3654 simpliciter
2532 3598 2780 3655 mutuum
2802 3593 3086 3657 acceperit,
3123 3607 3225 3647 nec
3242 3591 3586 3663 expresserit,
3618 3604 3806 3649 utrum

2183 3662 2242 3712 in
2274 3674 2399 3713 suos
2431 3673 2501 3710 an
2542 3656 2598 3713 in
2637 3661 2804 3723 patris
2839 3675 2980 3726 usus,
3012 3658 3214 3718 deinde
3246 3672 3427 3717 autem
3460 3664 3520 3714 in
3556 3675 3669 3728 rem
3705 3677 3804 3747 pay·

2184 3727 2285 3782 tris
2321 3728 2566 3797 verterit,
2599 3732 2785 3782 statim
2817 3726 2888 3783 ab
2925 3729 3085 3785 initio
3120 3729 3180 3783 in
3216 3745 3329 3787 rem
3365 3735 3530 3798 patris
3562 3726 3804 3798 iurisiu-

1371 3814 1615 3928 ifnatum
1647 3803 1763 3872 εἰη
1796 3804 2022 3875 eoquod
2041 3801 2124 3859 vel
2186 3799 2571 3864 ter-pretatione
2594 3801 2862 3866 accepisse
2899 3796 3263 3870 intelligitur,
3292 3801 3420 3857 ideo
3459 3818 3521 3856 ue
3555 3816 3806 3860 senatus·

510 3878 822 3948 imprudens
857 3888 1008 3944 pater
1042 3885 1299 3943 potuisset
1348 3889 1381 3928 a
1406 3879 1458 3928 ia
1489 3889 1556 3929 ex
1590 3890 1749 3930 causa
1790 3874 2126 3929 circumven-
2183 3863 2492 3923 consultum
2522 3882 2728 3924 cessare
2761 3883 2965 3937 aquum
3003 3865 3127 3940 fuit,
3160 3869 3213 3924 d.
3251 3870 3290 3926 l.
3328 3880 3378 3940 7.

3454 3869 3696 3938 ‚proinde
3718 3886 3801 3929 12.

513 3963 605 4008 tus
638 3954 910 4020 signasse,
945 3943 1034 3999 vel
1067 3962 1133 4002 eo
1169 3946 1342 3999 inscio
1374 3940 1547 4025 alius,
1581 3942 1745 4015 sigilli
1782 3940 1970 4000 nuans
2006 3959 2125 4011 pos-
2170 3932 2247 4005 ffi
2278 3933 2330 3991 b.
2364 3952 2406 3991 t.
2442 3934 2574 4002 Sed.
2606 3953 2732 3993 cum
2767 3939 3011 4008 iniquum
3043 3943 3134 4008 sit,
3170 3951 3391 4011 patrem,
3428 3946 3484 3996 in
3503 3936 3656 4007 cujus
3686 3956 3806 3998 rem

511 4019 798 4079 sessionem
819 4057 840 4086 ,
873 4016 929 4072 id
961 4012 1091 4072 dolo
1122 4013 1269 4072 malo
1301 4020 1660 4081 impressisse,
1704 4031 1816 4086 arg.
1851 4015 1888 4071 Ι.
1926 4012 2127 4069 dium-
2188 4024 2339 4064 versa
2370 4018 2453 4062 est
2486 4009 2743 4077 pecunia,
2792 4020 2983 4064 contra
3015 4009 3548 4089 senatusconsultum
3583 4022 3807 4070 mutua-

513 4091 668 4150 bente
697 4104 750 4143 2.
784 4087 840 4141 C.
875 4083 942 4140 de
975 4083 1081 4142 reb.
1115 4086 1280 4142 alien.
1333 4102 1437 4139 non
1469 4082 1742 4139 alienand.
1795 4080 2024 4141 Zoesius
2056 4079 2135 4136 ad
2185 4089 2263 4146 ta,
2300 4074 2696 4144 locupletiorem
2734 4075 2847 4135 fieri
2878 4094 2999 4134 cum
3033 4075 3241 4148 ‚astura
3272 4081 3583 4151 creditoris,
3613 4087 3708 4157 qui
3725 4101 3809 4141 se-

512 4157 687 4218 Pand.
724 4156 773 4214 b.
810 4171 850 4212 t.
883 4176 938 4211 n.
974 4168 1027 4228 9.
1063 4153 1199 4213 Ant.
1236 4152 1418 4213 Faber
1462 4151 1583 4209 Cod.
1620 4152 1711 4211 lib.
1746 4151 1801 4220 4.
1837 4168 1878 4210 t.
1913 4169 2005 4210 ao.
2035 4151 2129 4207 de-
2187 4146 2422 4204 cundum
2456 4165 2630 4206 mores
2667 4147 2955 4205 hodiernos
2988 4164 3100 4204 non
3137 4150 3345 4222 eodem,
3378 4168 3487 4223 quo
3523 4152 3663 4218 apud
3683 4149 3805 4212 Ro-

505 4229 603 4303 fin.
653 4224 711 4285 5.
749 4225 1002 4285 Perezius·
1043 4225 1126 4281 ad
1154 4227 1207 4281 C.
1245 4224 1297 4281 b.
1331 4239 1372 4280 t.
1406 4243 1462 4278 n.
1515 4239 1599 4280 ιο.
1652 4221 2002 4282 Bockleman.
2055 4219 2139 4277 ad
2188 4232 2398 4287 manos,
2431 4217 2562 4275 odio
2596 4219 2789 4288 dignus
2822 4230 2940 4288 est,
2974 4218 3104 4276 dum
3137 4217 3323 4277 exulat
3358 4220 3499 4290 apud
3536 4236 3639 4278 nos
3669 4240 3806 4292 prz-

515 4299 688 4359 Pand.
726 4296 778 4354 b.
815 4314 855 4354 t.
890 4318 945 4353 n.
981 4294 1034 4354 5.
1070 4310 1198 4352 ante
1233 4293 1373 4349 ¹med.
1423 4290 1623 4362 Secus,
1672 4296 1722 4350 si
1772 4291 2025 4365 chit-ogra
2060 4289 2133 4347 ho
2188 4293 2424 4371 stunptio
2457 4288 2882 4363 voticaptandae
2917 4296 3107 4346 mortis
3139 4293 3198 4349 ὅτ
3231 4291 3591 4359 insidiarum3
3643 4305 3809 4368 atque

516 4373 604 4431 sui
638 4365 971 4427 filiifamilias
1021 4379 1174 4435 pater
1207 4362 1637 4433 subscripsisset,
1688 4364 1725 4420 Ι.
1770 4381 1817 4421 1.
1851 4357 1905 4435 5.
1941 4382 1996 4418 se
2065 4358 2132 4424 &⁹
2191 4374 2406 4427 insuper
2440 4354 2543 4414 hoc
2579 4376 2677 4429 Jus,
2710 4373 2817 4430 quo
2833 4360 3137 4417 retinentur
3171 4367 3377 4417 nummi
3413 4372 3605 4419 contra
3645 4382 3806 4421 sena-

515 4445 568 4500 si
603 4444 740 4499 servi
772 4438 824 4508 li.
910 4480 922 4494 .
942 4437 1083 4509 quod
1126 4439 1283 4505 ἰιι-αι,
1317 4450 1428 4507 arg.
1463 4433 1811 4504 Lfiddunom
1846 4431 1934 4491 26.
1964 4425 2019 4507 5
2032 4448 2131 4502 pa·
2191 4426 2587 4485 tusconsultum
2620 4431 2814 4486 crediti
2865 4435 3161 4487 etiamnum
3196 4444 3443 4488 extantes
3476 4446 3573 4489 aut
3592 4432 3809 4493 utiliter

516 4529 598 4572 ter
641 4529 686 4568 1.
767 4551 780 4565 .
909 4512 1047 4582 pign.
1185 4502 1381 4575 hypotb.
1435 4502 1538 4561 Vel
1571 4508 1616 4560 si
1649 4522 1773 4560 cum
1830 4500 2132 4562 filiusfami-
2190 4502 2418 4581 erogati‚
2454 4496 2723 4567 pertineat
2759 4470 2833 4559 ad
2867 4517 3045 4571 poenas
3080 4499 3277 4571 legales
3310 4501 3544 4576 aliquem
3578 4499 3693 4573 fure
3710 4522 3808 4563 suo

518 4583 646 4654 lias,
682 4599 712 4637 a
753 4594 905 4638 sente
936 4593 1125 4651 patre,
1156 4576 1468 4633 cautionem
1518 4577 1927 4645 conscripsisset,
1980 4574 2136 4646 quasi
2192 4580 2487 4639 privantes,
2520 4584 2632 4637 quae
2667 4567 2738 4625 ab
2772 4588 2871 4629 usu
2906 4583 3276 4639 recesserunt3
3328 4575 3485 4645 praxi
3514 4581 3691 4646 magis
3723 4594 3808 4633 re-

516 4674 583 4710 εκ
614 4649 875 4708 mandato
923 4648 1042 4720 oy‘ur
1074 4648 1354 4718 pecuniam
1403 4646 1653 4714 acceperit
1672 4687 1690 4717 ,
1734 4648 1790 4705 &
1826 4644 1896 4702 ad
1930 4658 2136 4713 patrem
2191 4649 2402 4705 ceptum
2438 4634 2565 4707 finit,
2597 4639 3061 4701 senatusconsulto
3097 4640 3271 4701 locum
3304 4661 3417 4702 esse
3452 4661 3562 4699 non
3588 4657 3806 4714 oporte-

517 4725 703 4781 literas
732 4723 990 4779 emisisset
1008 4758 1027 4791 ,
1078 4734 1140 4777 ut
1165 4722 1298 4773 ‘eam
1316 4717 1606 4850 §farciam
1643 4720 1700 4772 in
1731 4716 2000 4786 provincia
2035 4712 2136 4797 ros·
2194 4727 2269 4776 re,
2301 4708 2509 4791 quoties
2543 4708 2630 4792 Y‘?¹
2661 4726 2813 4771 extat
2848 4713 3073 4784 pecunia
3116 4714 3325 4773 credita
3343 4755 3363 4785 ,
3418 4712 3507 4772 vel
3543 4718 3602 4770 in
3637 4719 3806 4785 patris

523 4811 688 4863 vetet,
719 4803 871 4863 pater
906 4807 1022 4850 non
1055 4794 1248 4850 statim
1281 4805 1314 4848 a
1408 4804 1466 4849 m
1496 4791 1580 4849 sui
1597 4783 1699 4845 filii
1730 4783 2137 4857 improbaverit,
2192 4790 2291 4838 aut
2694 4784 2991 4849 utilitatem
3025 4800 3173 4848 versa
3205 4798 3287 4846 est
3307 4824 3327 4859 ,
3376 4783 3803 4862 Groenewegen
