3971 5383
1487 139 1588 200 De
1625 139 1780 201 Ritu
1815 135 2254 219 Nuptiarum.

3326 165 3421 237 27

146 229 194 288 &
228 223 459 299 gradus.
501 221 685 282 Linea
727 223 813 282 vel
848 221 993 283 resia
1031 235 1136 295 est,
1173 225 1256 283 vel
1291 224 1526 300 obliqua.
1567 226 1628 285 In
1668 224 1810 285 reEia
1868 230 1956 287 vel
1995 249 2089 299 pro
2126 247 2353 288 numero
2405 234 2570 289 trium
2626 250 2969 300 personarum
3008 278 3025 308 ,
3078 238 3264 296 demto
3310 247 3517 311 stipite,

148 315 263 357 sunt
299 296 680 353 ascendentes
721 299 775 354 ἃ
813 296 1217 364 descendentes,
1258 295 1424 355 veluti
1458 311 1626 368 pater,
1661 316 1813 368 avus,
1873 300 1958 356 vel
2016 318 2112 369 pro
2169 318 2391 358 numero
2460 307 2622 360 trium
2692 308 3105 375 generationum
3174 315 3517 372 interceden—

148 384 395 439 proavus,
434 366 676 438 abavus,
713 380 925 435 atavus,
960 368 1236 432 tritavus,
1274 366 1435 437 filius,
1471 386 1652 438 nepos,
1687 385 1812 438 pro-

151 455 328 510 nepos,
365 435 655 507 abnepos,
693 453 953 506 atnepos,
994 439 1254 506 trinepos.
1295 434 1359 493 In
1395 436 1616 507 obliqua
1652 452 1815 509 sunt,

148 525 366 581 quorum
403 507 567 566 alter
604 506 835 565 alterum
852 523 964 564 non
986 511 1196 581 genuit,
1229 509 1323 565 sed
1357 511 1449 580 qui
1469 508 1626 565 simul
1661 525 1811 564 com·

147 594 357 639 munem
398 578 653 647 aliquem
676 591 978 651 agnoscunt
1004 580 1260 649 stipitem,
1299 579 1443 635 unde
1456 578 1808 646 descendunt,

150 672 236 710 seu
269 670 299 707 a
337 666 454 722 quo
493 649 679 723 geniti
716 662 884 714 sunt3
937 664 1041 718 qua
1079 653 1290 707 ratione
1330 644 1523 705 fratres
1581 652 1723 708 inter
1758 667 1814 705 se

149 727 364 795 cognati
401 733 546 777 sunt
572 759 592 791 ,
626 719 734 796 qui³
777 720 967 777 eodem
1005 730 1158 787 patre
1194 719 1351 784 nati,
1408 722 1464 777 ἃ
1506 717 1811 789 patrueles,

1872 372 2047 441 tium,
2100 385 2326 439 patruus
2361 373 2441 428 sui
2481 368 2666 428 fratris
2724 373 2838 429 filio
2891 377 2956 432 in
2990 379 3161 448 gradu
3200 387 3364 439 tertio
3391 381 3518 451 jun-

1873 438 1991 499 &us
2047 453 2163 498 est.
2220 439 2533 500 Affinitatis
2566 441 2726 499 ·nulli
2775 445 2995 516 quidem
3042 455 3259 519 proprie
3356 456 3522 511 radus

1870 524 2024 581 sunt,
2064 513 2098 568 l.
2138 534 2240 569 non
2258 509 2437 582 flicile
2472 512 2528 579 4.
2566 507 2615 586 5.
2645 516 2847 585 gradus
2883 515 2936 572 5.
2968 514 3036 588 ff
3060 519 3125 574 de
3150 521 3316 593 gradi
3348 544 3411 588 ω·
3451 524 3519 584 (5

1872 578 2138 653 affinibus,
2174 584 2269 640 sed
2305 594 2488 639 tamen
2526 589 2675 652 quasi
2712 587 2907 654 gradus
2942 589 3179 660 quidam,
3216 592 3412 658 quibus
3433 607 3520 651 et-

1873 654 1981 708 iam
2041 671 2110 710 ex
2149 665 2301 721 parte
2338 654 2560 707 nomina
2599 660 2811 722 propria
2846 672 2878 709 a
2917 653 3188 718 Romanis
3225 661 3375 721 fuere
3414 667 3521 719 tri-

1873 721 2045 790 buta,
2080 740 2186 791 quo
2205 724 2487 791 respiciens
2511 720 2705 780 Paulus
2740 725 2854 780 inl.
2874 728 3283 788 Jurirconmltus
3325 751 3406 790 io.
3440 750 3521 803 pr.

148 800 227 865 qui
277 790 525 850 eundem
566 806 730 846 avum
768 801 1084 861 agnoscunt.
1120 785 1338 856 Gradus
1370 792 1712 861 cognationis
1725 790 1809 846 di-
1858 791 1931 862 ffi
1948 793 2014 847 de
2038 791 2296 866 gradibus
2332 791 2398 853 (ς
2437 788 2702 863 affinibur,
2737 813 2851 865 qua:
2871 809 2952 850 est
2988 815 3056 854 ex
3095 799 3224 856 tibi-o
3258 804 3522 877 singulari

151 876 334 921 cuntur
354 859 390 918 a'
409 858 798 917 similitudine
817 857 1108 929 scalarum,
1144 858 1453 917 locorumve
1472 859 1811 929 proclivium,

150 951 269 1005 quos
305 934 389 987 ita
427 930 803 1002 ingredimur,
839 942 901 986 ut
937 947 970 985 a
1008 929 1257 995 proximo
1293 928 1350 984 in
1390 932 1714 1001 proximum,
1753 931 1810 988 id

148 1018 238 1072 est,
274 1003 334 1058 in
374 1018 532 1069 eum,
575 1004 667 1069 qui
703 1003 858 1069 quasi
892 1016 1043 1059 exeo
1079 1002 1339 1067 nascitur,
1377 1010 1734 1069 transeamus,
1769 1002 1806 1055 l.

152 1073 568 1128 Insistam-ultus
617 1088 698 1125 io.
736 1063 790 1143 5.
815 1069 1019 1154 gradui·
1055 1087 1243 1126 autem
1288 1086 1365 1126 io.
1397 1067 1467 1138 ffi
1506 1067 1569 1122 de
1594 1068 1803 1142 gradib.

148 1143 205 1205 Θ
237 1138 448 1269 αίῗσίό.
500 1139 584 1197 Ut
621 1152 803 1196 autem
820 1143 1197 1212 investigetur,
1232 1152 1398 1211 quoto
1434 1156 1650 1220 quisque
1684 1158 1806 1212 gra·

150 1215 214 1271 du
246 1233 278 1271 a
352 1213 550 1271 altero
585 1211 752 1268 distet
778 1251 797 1279 ,
831 1216 992 1267 unica
1025 1207 1096 1265 ad
1134 1206 1441 1267 faciendam
1474 1226 1540 1266 ex
1577 1227 1691 1280 jure
1724 1212 1805 1264 ci·-

152 1283 244 1339 vili
277 1282 772 1353 computationem
791 1282 1056 1339 servanda
1093 1278 1294 1354 regula,
1333 1291 1419 1335 tot
1458 1295 1650 1350 nempe
1681 1297 1806 1354 gra-

145 1354 234 1410 dus
265 1373 401 1424 esse,
444 1365 592 1421 quot
631 1347 761 1405 sunt
778 1355 1174 1423 generationes,
1206 1370 1318 1420 seu,
1357 1362 1488 1417 quot
1525 1364 1646 1408 sunt
1685 1370 1804 1419 per·

148 1442 296 1494 sona,
325 1424 536 1492 ‘demto
579 1430 645 1478 sti
690 1421 781 1489 ite,
817 1419 869 1476 d.
894 1423 927 1476 l.
954 1439 1034 1479 10-
1070 1413 1124 1492 §.
1162 1438 1299 1476 nam
1333 1423 1616 1544 quotiesd9.
1642 1418 1718 1491 ff
1742 1420 1806 1474 de

139 1493 278 1566 grad.
317 1489 389 1557 Θ
429 1489 592 1563 affin.
623 1441 686 1563 5Ρ
716 1489 972 1548 ἇαὲῐσηιυ·
1023 1502 1073 1560 7.
1120 1489 1296 1548 Inicit.
1335 1487 1402 1543 de
1427 1510 1530 1562 gra
1569 1489 1686 1546 ibus·
1721 1510 1802 1546 co-

141 1581 418 1637 gnatorum
440 1607 461 1637 ,
499 1564 656 1633 qued
694 1559 857 1617 facile
892 1568 946 1617 in
986 1561 1126 1619 linea
1163 1560 1310 1621 reeta
1345 1559 1803 1632 deprehenditur,

144 1639 184 1691 si
215 1634 284 1692 ab
321 1654 398 1693 un
503 1636 583 1694 de
616 1628 767 1699 cujus
820 1632 1173 1699 proximitate
1205 1635 1477 1703 queritur,
1513 1631 1801 1688 descenda-

146 1721 250 1762 mus
285 1707 360 1764 ad
398 1724 432 1761 a
460 1718 674 1772 terum,
712 1700 797 1757 vel
833 1704 1203 1761 ascendamus.
1243 1699 1404 1759 Pater
1440 1700 1644 1757 scilicet
1685 1699 1801 1757 filio

145 1789 213 1834 est
250 1780 306 1832 in
346 1784 537 1846 primo
577 1772 766 1845 gradu,
802 1774 927 1842 quia
965 1768 1051 1829 vel
1071 1770 1232 1828 unica
1270 1784 1486 1829 tantum
1521 1785 1603 1828 est
1637 1788 1799 1842 gene-

149 1847 299 1915 ratio,
338 1865 452 1917 qua
495 1845 679 1902 filium
712 1846 903 1915 genuit
940 1856 1108 1912 pater,
1147 1842 1231 1899 vel
1266 1845 1427 1900 unica
1464 1854 1682 1897 tantum
1718 1855 1797 1899 est

148 1932 386 1987 persona,
422 1919 659 1986 dempto
695 1915 896 1982 stipite,
917 1932 1008 1972 seu
1044 1923 1197 1982 patre
1230 1923 1547 1985 generante.
1588 1908 1797 1993 lb'odem

151 1986 299 2043 modo
359 1989 422 2044 in
463 1986 646 2060 gradu
682 1984 949 2054 secunde,
1009 1999 1170 2049 nepos
1205 1999 1315 2040 avo
1348 1993 1462 2050 est,
1518 1981 1796 2064 quia-dux

147 2060 526 2125 generationes
567 2068 691 2113 sunt
713 2093 733 2124 ,
767 2072 859 2127 per
893 2069 1024 2123 quas
1063 2067 1229 2122 nepos
1264 2070 1370 2109 avo
1404 2065 1756 2124 conJungitur
1776 2093 1795 2123 ,

146 2124 322 2196 altera,
355 2146 472 2199 qua
511 2144 650 2183 avus
686 2124 856 2184 filium
888 2123 1081 2196 genuit
1103 2164 1123 2192 ,
1157 2121 1346 2196 aitera,
1419 2138 1486 2177 ua
1525 2117 1797 2208 filiusne-

149 2207 346 2259 potem:
385 2217 486 2256 seu
510 2236 529 2265 ,
583 2196 712 2266 quia
746 2197 861 2256 duae
913 2207 1039 2251 sunt
1077 2210 1350 2263 personae‚
1426 2203 1574 2247 emto
1609 2204 1797 2262 stipite

145 2282 225 2320 seu
259 2270 447 2336 primo
482 2271 821 2339 generante,
877 2263 1019 2322 filius
1057 2283 1174 2322 nem
1225 2283 1242 2299 ²
1277 2267 1332 2322 ἃ
1369 2271 1573 2331 nepos‘,
1608 2262 1799 2319 demto

150 2351 258 2406 avo,
286 2337 655 2411 cognationis
693 2333 852 2405 huius
887 2340 1060 2406 primo
1094 2352 1164 2391 au
1219 2350 1331 2390 ore.
1369 2332 1531 2416 idem·
1555 2332 1624 2391 de
1661 2332 1793 2391 reli-

150 2406 254 2528 quis
288 2405 746 2476 ascendentibus,
777 2425 844 2464 ac
878 2402 1330 2463 descendentibus
1366 2403 1627 2470 iudicium
1661 2416 1794 2460 esto.

174 2494 203 2531 n
238 2475 386 2534 linea
425 2473 750 2535 collaterali
800 2477 988 2534 eadem
1025 2475 1205 2547 regula
1245 2479 1426 2543 viget3
1479 2470 1573 2528 sed
1609 2488 1798 2530 tamen

149 2543 266 2605 iliud
288 2550 563 2619 interest,
599 2547 762 2617 quod,
779 2564 903 2603 cum
940 2546 998 2600 in
1036 2545 1178 2601 linea
1204 2541 1345 2600 reela
1362 2555 1574 2600 tantum
1609 2558 1793 2600 ascen·

151 2617 376 2676 dendum
416 2659 437 2689 ,
478 2631 580 2675 aut
615 2629 833 2673 tantum
866 2613 1297 2673 descendendum
1334 2610 1499 2670 suerit
1532 2612 1604 2669 ad
1637 2616 1793 2671 inve-

149 2686 400 2747 niendam
458 2688 729 2760 graduum
762 2686 1113 2746 distantiam·
1171 2697 1364 2741 contra
1403 2689 1459 2741 in
1496 2680 1794 2741 collaterali

154 2753 276 2814 linea
313 2763 510 2828 primo
531 2758 930 2816 ascendendum
966 2756 1038 2812 sit
1073 2729 1144 2810 al:
1179 2773 1296 2839 uno
1330 2771 1558 2823 eorum,-
1572 2752 1640 2812 de
1672 2756 1794 2825 qui—

151 2822 236 2882 bus
264 2832 540 2900 quaritur
561 2869 580 2899 ,
634 2847 802 2898 usque
833 2826 962 2884 dum
1000 2844 1307 2893 perveneris
1341 2825 1414 2883 ad
1447 2838 1796 2907 communem

149 2903 398 2974 stipitem,
438 2915 510 2955 ac
549 2915 677 2955 tunc
715 2915 896 2955 rursus
932 2896 1364 2955 descendendum
1399 2893 1469 2955 ab
1505 2892 1607 2949 illo
1641 2911 1792 2951 corn-

152 2975 288 3025 muni
325 2971 525 3042 stipite
559 2986 721 3038 usque
756 2966 827 3025 ad
866 2964 1118 3038 alterum,
1152 2969 1222 3025 de
1255 2962 1407 3051 cujus
1441 2964 1793 3052 proximitate

152 3040 363 3103 questio
425 3051 533 3100 est.
569 3038 760 3109 Itaque
795 3037 906 3095 duo
945 3036 1143 3095 fratres
1176 3038 1282 3096 sibi
1335 3051 1573 3097 invicem
1611 3054 1667 3092 in
1706 3054 1790 3094 se·

152 3111 324 3168 cundo
356 3112 535 3187 gradu
573 3123 736 3175 sunt3
771 3111 900 3176 quia.
935 3105 1022 3163 vel
1059 3108 1176 3167 duae
1208 3112 1586 3182 gererationes
1618 3118 1743 3165 sunt
1765 3148 1786 3178 ,

153 3177 332 3242 quibus
367 3196 527 3253 patei·
567 3177 736 3238 filium
772 3188 953 3238 utrum
995 3194 1060 3234 ue
1094 3183 1301 3251 genuit,
1340 3177 1426 3236 vel
1460 3179 1577 3237 dua
1612 3190 1790 3245 perso-

154 3263 260 3320 na,
295 3252 409 3311 duo
448 3268 644 3321 nempe
682 3245 918 3322 fratres,
991 3261 1136 3305 emto
1171 3252 1353 3319 stipite
1389 3249 1662 3305 communi
1698 3265 1791 3304 seu

153 3331 293 3381 patre
324 3336 644 3407 generante.
681 3314 947 3378 Similiter
980 3316 1249 3387 patrueles
1283 3338 1374 3376 seu
1408 3321 1640 3400 duorum
1677 3313 1787 3375 fra-

155 3397 286 3446 trum
321 3392 423 3451 hlii
461 3395 526 3448 in
558 3400 754 3464 quai-to
786 3391 959 3461 gradu
1009 3388 1116 3444 sibi
1152 3391 1388 3446 invicem
1422 3384 1594 3458 iuneti
1627 3399 1788 3453 sunt3

155 3463 268 3522 quia
301 3462 653 3522 ascendendo
687 3456 759 3519 ab
796 3477 905 3517 uno
943 3457 1133 3516 fratris
1172 3455 1285 3515 filio
1319 3461 1388 3517 ad
1426 3455 1690 3529 fratrem,
1721 3475 1788 3514 ac

158 3528 272 3587 inde
303 3551 490 3592 rursus
527 3533 599 3590 ad
635 3546 883 3603 petrem,
935 3546 1002 3585 ac
1038 3546 1071 3584 a
1108 3539 1257 3598 pati-e
1289 3528 1662 3588 descendendo
1714 3530 1785 3587 ad

1868 861 1930 916 de
1955 861 2234 947 gradibus,
2269 861 2337 926 Θ
2357 859 2603 932 affinibus
2640 864 2705 924 Θ
2741 865 3044 923 nominibur
3080 890 3262 926 eorum
3297 877 3515 941 scripsit

1869 934 2307 991 Iurisconrultum
2345 950 2680 1006 cognatorum
2709 933 2913 1005 gradus·
2930 976 2948 1006 ,
2987 937 3053 998 Θ·
3091 939 3339 1009 affinium
3381 944 3519 1013 (su-

1871 1002 2035 1059 baudi
2070 996 2329 1073 nomina)
2366 1022 2515 1058 nocie
2550 1002 2744 1057 debere.
2785 1003 3126 1065 Vocabulum
3162 1017 3311 1067 enim
3344 1017 3521 1069 nomi-

1867 1093 1938 1127 na
1975 1071 2405 1131 subaudiendum
2438 1092 2550 1130 esse
2606 1076 2787 1142 arguit
2804 1072 3019 1134 abunde
3057 1080 3353 1148 inscriptio
3400 1096 3519 1141 tum

1869 1140 2001 1197 libri
2038 1141 2184 1199 illius
2216 1145 2297 1199 sin
2340 1142 2505 1201 uleris
2542 1113 2695 1201 l’auli
2719 1184 2735 1212 ,
2771 1156 2885 1200 tum
2921 1146 3066 1204 illius
3102 1151 3251 1207 tituli
3288 1154 3355 1207 de
3388 1174 3518 1228 gra-

1865 1211 2017 1270 dibus
2053 1210 2121 1275 Θ
2156 1209 2303 1282 affini
2333 1211 2813 1283 m,&nomiaibm
2846 1234 3044 1273 eoi-um.
3083 1219 3249 1278 Circa
3287 1220 3383 1278 hos
3423 1243 3517 1281 ve-

1866 1300 1928 1338 ro
1962 1279 2254 1340 affinitatis
2291 1285 2440 1350 quasi
2460 1282 2658 1354 gradus
2693 1288 3084 1352 computandos
3105 1292 3290 1348 eadem
3328 1294 3516 1366 regula

1865 1352 2133 1410 servanda
2164 1367 2284 1421 est,
2321 1372 2433 1422 quie
2475 1358 2618 1409 circa
2653 1359 3003 1426 cognationis
3036 1365 3231 1430 gradus
3266 1358 3375 1429 jam
3412 1381 3515 1419 an-

1864 1435 1919 1480 te
1952 1427 2199 1490 exposita
2236 1435 2342 1493 est,
2376 1442 2444 1480 eo
2477 1438 2668 1491 nempe
2703 1430 2854 1496 quasi
2889 1428 3060 1498 gradu
3099 1428 3389 1489 affinitatis
3422 1436 3511 1492 di-

1863 1505 2008 1550 stare
2044 1494 2301 1551 maritum
2359 1510 2392 1548 a
2426 1494 2674 1575 cognatis
2708 1496 2926 1565 uxoris,
2964 1515 3071 1568 quo
3104 1502 3276 1570 gradu
3309 1521 3515 1573 cogna-

1868 1565 2039 1619 tionis
2074 1580 2209 1621 uxor
2247 1564 2359 1631 ipsa
2395 1562 2468 1620 ab
2505 1562 2614 1619 illis
2644 1562 2833 1621 distat.
2872 1567 3061 1639 Atque
3098 1574 3215 1640 ita,
3251 1575 3380 1642 quia
3416 1594 3504 1630 so-

1861 1652 1972 1704 cer,
2005 1649 2205 1702 socrus,
2244 1636 2484 1704 viti-icus,
2506 1650 2757 1704 noverca,
2796 1651 3081 1703 parentum
3114 1639 3239 1696 loco
3274 1661 3368 1710 per
3404 1663 3517 1702 nti-³

1861 1706 2002 1771 ptias
2040 1703 2308 1770 incipiunt
2328 1722 2441 1760 esse
2457 1719 2683 1776 genero,
2711 1712 2891 1777 nurui,
2912 1710 3181 1779 privigno,
3221 1713 3503 1786 privignae,

1860 1776 1917 1832 δε
1954 1773 2012 1828 hi
2051 1774 2292 1831 vicissim
2329 1771 2625 1831 liberorum
2661 1773 2801 1848 loco,
2838 1779 2970 1836 inde
2988 1778 3091 1836 sibi
3114 1784 3356 1838 invicem
3393 1789 3501 1850 pri-

1860 1859 1953 1898 mo
2007 1845 2158 1912 quasi
2192 1841 2365 1915 gradu
2422 1840 2715 1901 affinitatis
2746 1843 3023 1913 coniunQi
3076 1850 3491 1923 intelliguntur.

1866 1912 1989 1969 Pari
2025 1914 2187 1971 modo
2221 1914 2409 1970 mariti
2448 1911 2645 1983 frater,
2684 1913 2814 1972 levir
2848 1916 3055 1986 diuus,
3091 1936 3155 1977 ac
3190 1923 3377 1979 mariti
3412 1942 3501 1980 so-

1860 2001 1968 2053 ror,
1989 1983 2100 2056 glos
2135 1982 2438 2053 appellata,
2473 1985 2657 2042 mai-iti
2693 1986 2852 2044 istius
2886 2004 3112 2044 uxorem
3166 1990 3226 2049 in
3261 1995 3503 2051 secundo

1859 2050 2147 2110 affinitatis
2197 2054 2351 2125 quasi
2385 2054 2555 2127 gradu
2607 2057 2929 2126 contingere
2981 2073 3270 2118 censentur
3289 2063 3313 2128 ς’
3361 2066 3501 2133 quia

1859 2125 2083 2182 maritus
2120 2119 2276 2181 fratri
2308 2141 2407 2181 suo
2424 2129 2698 2195 sororique
2730 2128 2964 2186 secundo
2994 2133 3337 2203 cognationis
3404 2152 3493 2191 ra-

1858 2196 1933 2252 du
1970 2211 2139 2252 nexus
2171 2209 2275 2264 est,
2310 2193 2363 2251 d.
2404 2195 2440 2250 l.
2490 2213 2594 2252 non
2612 2190 2793 2266 facile
2826 2196 2877 2266 4.
2917 2192 2967 2271 5.
2990 2200 3219 2271 'quidem
3252 2201 3304 2260 6.
3445 2219 3502 2275 7·

1851 2263 1919 2333 ff?
1934 2263 2000 2318 de
2024 2263 2238 2337 gradib.
2258 2264 2325 2327 ὁ·
2360 2259 2557 2336 affinib.
2599 2266 2894 2323 sciendum
2928 2285 3132 2339 tamen,
3171 2286 3361 2340 praeter
3396 2273 3502 2332 ho·

1856 2353 1944 2391 sce
1973 2336 2129 2402 quasi
2164 2336 2370 2407 gradus
2416 2332 2707 2416 affinitatis
2742 2342 2956 2405 insuper
2979 2338 3090 2406 iure
3123 2342 3283 2398 civili
3319 2346 3501 2421 quod-

1866 2401 2154 2475 ammodo,
2224 2405 2316 2462 sed
2348 2406 2519 2477 magis
2579 2424 2689 2473 iure
2721 2405 3044 2478 Canenieo,
3099 2423 3291 2468 notum
3329 2418 3496 2472 tuisse

1857 2475 2111 2543 primum,
2145 2477 2200 2533 Bt
2237 2476 2528 2533 secundum
2549 2515 2564 2544 ,
2603 2477 2927 2546 tertiumque
2960 2496 3134 2551 genus
3167 2479 3497 2550 affinitatis3

1855 2544 2004 2612 quod
2036 2561 2103 2601 ex
2141 2547 2367 2603 numero
2383 2547 2713 2625 nuptiarum,
2747 2547 2815 2603 ad
2856 2545 3187 2608 affinitatem
3225 2552 3495 2612 inducen-

1856 2615 1984 2671 dam
2005 2615 2449 2673 intercedentium
2506 2615 2917 2684 diJudicandum
2949 2632 3070 2686 est3
3105 2621 3243 2679 adeo
3276 2636 3336 2679 ut
3376 2631 3489 2691 pri-

1855 2703 1972 2742 mus
2008 2682 2297 2745 affinitatis
2329 2654 2526 2760 grad'us
2559 2691 2631 2744 sit
2666 2726 2685 2757 ‚
2741 2684 2832 2743 ubi
2865 2706 2931 2745 ex
2970 2707 3079 2747 uno
3116 2702 3333 2751 tantum
3368 2711 3491 2752 ma-

1857 2759 2115 2814 trimonio
2148 2752 2389 2815 affinitas
2420 2771 2522 2828 est,
2558 2757 2701 2826 quod
2735 2760 2921 2815 evenit
2939 2759 2999 2816 in
3022 2761 3219 2821 vitrico
3253 2777 3350 2821 aut
3385 2784 3491 2824 no-

1856 2842 2015 2882 verca
2051 2832 2105 2886 δε
2145 2827 2397 2900 privigno
2430 2840 2523 2885 aut
2545 2832 2811 2901 privigna,
2849 2829 2907 2885 in
2940 2848 3127 2888 socero
3161 2834 3349 2890 itidem
3382 2850 3489 2892 aut

1853 2913 2007 2953 socru
2043 2900 2098 2956 &
2133 2912 2333 2969 genero
2366 2914 2607 2957 nui-uve:
2643 2898 2874 2969 denique
2905 2900 2966 2956 in
3004 2903 3188 2960 mariti
3226 2902 3310 2964 vel
3348 2923 3485 2962 uxo·

1854 2968 1928 3023 ris
1965 2963 2133 3024 fratre
2167 2979 2262 3023 aut
2281 2985 2482 3037 sorore,
2517 2967 2707 3037 reliqu’
2769 2986 2835 3025 ue
2872 2972 3217 3031 venientibus
3247 2991 3281 3028 a
3316 2973 3487 3035 latere

1853 3040 2100 3109 cognatis
2122 3078 2137 3092 .
2175 3033 2275 3094 Est
2308 3042 2456 3095 enim
2491 3038 2712 3096 vitricus
2883 3040 3029 3111 solo,
3076 3044 3219 3111 qnod
3256 3057 3489 3105 matrem

1855 3108 2091 3178 privigni
2128 3124 2352 3166 uxorem
2386 3111 2583 3174 duxit,
2618 3122 2700 3165 est
2732 3124 2884 3165 socer
2905 3150 2922 3178 ,
2957 3118 3082 3181 quia
3120 3111 3295 3173 filiam
3326 3132 3484 3177 suam

1849 3192 2052 3248 genero
2087 3188 2317 3247 nuptum
2348 3177 2676 3245 collocavit,·
2709 3192 2791 3236 est
2828 3178 2971 3245 levi,
3004 3196 3083 3239 est
3111 3183 3230 3265 glos
3264 3202 3341 3241 ex,
3366 3203 3493 3247 uno,

1852 3253 2218 3318 matrimonio,
2250 3249 2395 3320 quod
2412 3266 2536 3306 cum
2572 3265 2745 3307 uxore
2761 3266 2855 3305 sua
2879 3264 3155 3310 contraxit
3192 3250 3348 3311 leviri
3382 3270 3480 3319 aiut

1848 3316 2022 3386 glotis
2060 3315 2245 3375 frater.
2303 3314 2469 3391 Quod
2503 3321 2553 3376 si
2585 3330 2757 3376 matre
2813 3334 2931 3378 mea
2968 3335 3178 3379 mortua
3200 3364 3217 3391 ,
3256 3326 3481 3383 viti-icus

1848 3387 2015 3443 aliam
2048 3387 2268 3446 duxerit
2304 3405 2545 3458 uxorem,
2580 3403 2678 3447 aut
2699 3405 2846 3446 socer
2866 3406 3034 3461 meus,
3050 3405 3266 3452 mortua
3301 3409 3481 3457 matre

1847 3462 2030 3515 uxoris
2064 3475 2212 3526 meai,
2248 3475 2536 3516 novercam
2572 3464 2754 3516 uxoris
2788 3475 2917 3518 meae
2952 3460 3331 3530 superinducat
3378 3466 3481 3521 illa

1847 3528 2031 3583 vitrici
2053 3527 2134 3584 vel
2163 3530 2335 3586 soceri
2354 3545 2490 3586 uxor
2520 3530 2756 3588 secunda
2770 3526 2905 3586 mihi
2927 3532 2986 3588 in
3020 3534 3257 3591 secundo
3288 3505 3479 3592 8ἶῖἱηί-

156 3596 372 3660 alterum
408 3602 676 3673 fratrem,
712 3603 941 3673 indeque
975 3599 1199 3657 ulterius
1232 3600 1302 3657 ad
1335 3598 1558 3657 alterius
1597 3596 1782 3655 fratris
1844 3599 1975 3655 tatis
2009 3599 2183 3670 gradu
2214 3613 2293 3657 est
2316 3598 2641 3665 3curnbinis
2671 3600 2885 3658 demum
2920 3603 3122 3670 nuptiis
3141 3605 3491 3664 interceden-

159 3663 312 3727 fliium
333 3714 353 3747 ,
387 3674 638 3734 invenies
672 3686 903 3747 quatuor

159 3739 326 3807 stipite
357 3764 453 3804 seu
470 3761 614 3817 ave„
638 3744 723 3803 vel
741 3754 973 3816 quatuor
990 3737 1360 3809 deprehendes
1387 3745 1782 3813 generationes,

157 3822 238 3872 Per
266 3830 395 3883 quas
432 3812 640 3874 faeiem
672 3830 786 3882 est,
822 3824 881 3871 ut
921 3811 978 3869 hi
1011 3810 1244 3871 duorum
1279 3808 1508 3873 fratrum
1545 3808 1644 3868 filii
1677 3810 1781 3867 sibi

158 3889 400 4004 ffimuine
434 3882 612 4015 aelnffi
636 3891 779 4011 §¹¹¹⁸
822 3882 1080 4009 Pagrumum
1113 3878 1778 4010 deffissoegfssossmtignss}

158 3965 430 4143 ἓᾷιοόῗιξια
442 4028 503 4083 in
511 3973 707 4085 {2:115
713 3972 898 4150 ,ἑξ-ξε
911 3970 1017 4107 siebi
1039 3967 1277 4148 ἱὲἳξὲςὲἐ
1281 4039 1476 4149 1¹9er
1479 4076 1490 4097 ‚
1499 3966 1632 4148 efge}
1662 4038 1778 4079 ma·

161 4157 211 4238 ς.
235 4097 724 4237 aaziae:
756 4108 1412 4230 mmmm,
1444 4177 1566 4247 m,
1537 4108 1776 4233 Ἢ.

163 4236 443 4304 ⁸teriimqiie
478 4234 554 4293 ab
590 4236 687 4297 illo
719 4234 994 4297 conununi
1013 4246 1196 4304 stipite
1212 4229 1553 4291 descenditur
1588 4233 1659 4293 ad
1694 4232 1775 4289 al-

165 4306 325 4357 tetum
359 4304 606 4378 fratrem,
637 4309 729 4377 qui
763 4319 984 4377 patruus
1013 4318 1095 4361 est
1113 4324 1139 4370 ,·
1190 4317 1301 4362 tres
1331 4318 1562 4374 namque
1598 4319 1774 4370 perso-

165 4380 236 4425 nae
265 4388 576 4448 occurrunt,
610 4393 740 4449 puta
775 4374 916 4435 filius
938 4371 1138 4445 fratris,
1173 4370 1360 4442 frater,
1395 4373 1452 4431 ὃ(
1487 4370 1627 4430 alter
1663 4367 1776 4427 fra·

163 4445 253 4506 Ψ»
283 4446 370 4513 qui
406 4463 626 4515 patruus
653 4461 757 4515 est,
789 4448 978 4507 demto
994 4449 1271 4502 communi
1302 4445 1504 4513 stipite,
1536 4445 1628 4498 cui
1663 4437 1774 4499 fra-

165 4512 240 4563 ter
272 4524 482 4587 uterque
535 4520 802 4590 originem
835 4514 1023 4575 debet:
1067 4512 1190 4582 vel,
1223 4515 1270 4570 si
1308 4512 1473 4597 libeat
1493 4548 1512 4581 ,
1546 4525 1656 4572 tres
1687 4507 1774 4597 of·

169 4568 334 4640 fenden
365 4591 740 4659 generationes
758 4626 777 4658 ,
808 4588 941 4647 duas
973 4580 1195 4657 scilicet,
1229 4582 1421 4656 quibui
1455 4595 1607 4652 pater
1626 4623 1646 4654 ,
1673 4595 1775 4640 sti·

172 4660 249 4710 Μ
277 4664 592 4733 emmanu,
624 4659 768 4717 duos
783 4658 985 4730 ,genuit
1023 4652 1238 4723 fratres,
1271 4670 1335 4709 ac
1372 4653 1501 4711 dein
1538 4657 1778 4723 tertiam,

166 4725 258 4780 <lua
286 4716 445 4786 stater
475 4748 616 4788 unus
649 4744 806 4788 suum
841 4726 1012 4787 filium
1045 4723 1424 4798 progeneravit
1452 4740 1472 4790 i
1500 4737 1661 4796 atque
1698 4725 1778 4781 ita

937 3687 1188 3741 personas
1209 3711 1230 3740 ,
1275 3668 1489 3731 demto,
1508 3670 1781 3726 communi
1844 3666 1991 3725 tibus
2026 3671 2172 3728 inter
2205 3685 2291 3727 me
2323 3674 2380 3729 ἂ
2417 3669 2552 3727 tales
2585 3681 2833 3726 nascatur
2865 3670 3125 3743 affinitas,
3159 3684 3305 3744 puta,
3340 3692 3475 3733 meae

1841 3740 2045 3808 nuptiae
2064 3756 2189 3796 cum
2222 3755 2387 3798 tutore
2423 3741 2845 3810 memervitrici,
2882 3741 2967 3798 vel
3001 3745 3171 3801 soceri
3206 3748 3314 3802 mei
3344 3763 3477 3803 cum

1839 3807 2097 3882 aliamue
2118 3810 2304 3867 uxoris
2315 3825 2443 3868 mea
2463 3827 2573 3868 non
2597 3822 2787 3881 mater,
2798 3811 2893 3868 sed
2909 3828 3139 3872 noverca
3171 3827 3269 3872 est.
3295 3814 3474 3874 Idem-

1839 3896 1942 3948 que
1975 3892 2078 3946 est,
2112 3884 2157 3934 si
2190 3895 2372 3960 gener,
2406 3881 2600 3936 amissa
2637 3897 2803 3939 uxore
2839 3883 3032 3953 prima,
3068 3882 3231 3940 aliam
3265 3892 3469 3944 metri-

1841 3954 2028 4007 monio
2058 3947 2163 4008 sibi
2198 3964 2411 4021 jungat,
2442 3962 2541 4008 aut
2560 3950 2839 4022 privignus
2857 3969 3085 4010 uxorem
3117 3954 3306 4015 ducat:
3345 3972 3476 4015 nam

1838 4021 1895 4079 ἂ
1949 4018 2044 4076 illa
2078 4024 2263 4091 generi
2316 4021 2620 4092 privignive
2656 4037 2787 4076 uxor
2823 4026 3111 4094 vitricum,
3160 4043 3474 4087 socerumve

1836 4090 2021 4147 mariti
2053 4089 2135 4147 sui
2172 4104 2283 4144 non
2319 4088 2427 4146 nisi
2463 4106 2557 4157 pei·
2699 4089 2818 4147 licis
2853 4093 3190 4151 matrimonii
3225 4093 3475 4154 affinita-

1836 4171 1950 4218 tem
1980 4162 2295 4229 contingit.
2332 4157 2443 4217 Sed
2477 4163 2533 4221 Gr
2570 4162 2628 4216 in
2689 4160 2815 4217 inea
2849 4161 3188 4235 collaterali,
3222 4171 3268 4223 si
3303 4183 3483 4233 uxore,

1835 4246 1956 4289 mea
1991 4242 2248 4301 mortua,
2300 4228 2550 4287 inducam
2587 4228 2791 4302 aliam,
2847 4234 3030 4291 uxoris
3068 4235 3262 4304 prioris
3301 4231 3473 4296 frater

1836 4312 1932 4357 ant
1965 4316 2153 4368 soror,
2189 4295 2323 4355 mihi
2360 4304 2417 4359 in
2452 4301 2631 4382 primo
2682 4317 2880 4384 genere
2914 4298 3205 4362 affinitatis
3263 4301 3427 4365 ‘uneii
3450 4351 3471 4379 ,

1836 4372 1993 4431 uxori
2029 4386 2157 4429 mex
2204 4371 2439 4429 secunde
2477 4372 2747 4439 incipiunt
2802 4389 2858 4428 in
2897 4375 3134 4433 secundo
3183 4394 3215 4431 a
3282 4379 3467 4436 nitatis

1834 4457 2028 4515 genere
2059 4432 2234 4502 iuneti
2267 4457 2410 4498 esse:
2448 4441 2588 4510 quod
2621 4445 2678 4501 δε
2718 4448 2775 4497 in
2814 4441 2969 4500 leviri
3008 4461 3192 4514 uxore,
3229 4446 3317 4532 vel
3347 4447 3467 4521 glo-

1836 4516 1910 4569 ris
1937 4512 2140 4567 marito
2175 4509 2365 4569 eodem
2394 4513 2559 4570 modo
2587 4530 2699 4571 sese
2732 4511 2912 4570 habet.
2947 4510 3113 4588 Quod
3149 4521 3193 4572 si
3231 4515 3290 4571 hi
3312 4558 3331 4588 ,
3362 4526 3458 4591 qui

1837 4584 1895 4639 ln
1929 4580 2165 4639 secundo
2194 4598 2389 4655 genere
2422 4576 2711 4640 affinitatis
2745 4580 2883 4663 mihi
2918 4599 3045 4642 sunt
3077 4586 3383 4657 constituti,
3416 4596 3462 4647 i·

1837 4663 2016 4711 terum
2049 4646 2308 4712 defunEio
2339 4667 2427 4722 eo,
2462 4651 2549 4710 vel
2583 4669 2669 4722 ea,
2701 4668 2767 4710 ex
2786 4670 2939 4722 cuius
2961 4661 3161 4724 nuptiis
3194 4672 3467 4727 coeperant

1835 4740 1948 4784 esse
1980 4727 2040 4783 in
2074 4740 2271 4797 genere
2303 4723 2536 4785 secundo
2568 4718 2869 4798 affinitatis,
2900 4722 3068 4782 aliam
3102 4744 3324 4787 uxorem
3361 4728 3464 4787 du-
