3971 5383
624 239 718 327 40

506 410 679 473 princ.
722 400 799 477 ffi
855 421 916 460 ut
976 404 1033 457 in
1063 416 1278 469 possess.
1328 400 1491 483 legat.
1529 400 1618 454 vel
1645 393 1826 468 fidere.

505 623 681 691 exigi,
717 620 754 676 Ι.
790 615 883 672 boc
919 615 970 671 5.
1007 612 1055 689 5.
1103 629 1148 667 1.
1176 608 1251 680 ffi
1283 607 1350 664 de
1385 604 1554 682 unfiu
1592 628 1705 664 ear.
1745 631 1846 666 rer.

509 918 626 970 quae
663 917 936 965 recensere
972 895 1195 966 longum
1233 888 1371 949 soret
1392 932 1408 947 .

581 988 630 1027 2.
671 967 817 1027 Huic
851 962 1186 1024 condiciioni
1222 975 1284 1020 111
1339 962 1487 1020 locus
1522 961 1616 1031 sit,
1671 965 1963 1033 requiritur
2017 972 2145 1017 ante

505 1041 712 1112 omnia,
747 1053 808 1099 ut
843 1041 898 1097 &
938 1034 1260 1095 naturaliter
1292 1035 1352 1091 &
1384 1031 1623 1090 civiliter
1660 1031 1961 1091 indebitum
1979 1049 2146 1102 appa·-

1805 233 1945 299 Lib.
2002 232 2151 299 XII.

503 339 579 411 ff,
622 338 674 396 b.
707 353 751 393 t.
788 330 835 389 si
885 328 1073 390 cautio
1125 325 1370 387 indebite
1405 323 1725 395 interposita
1769 328 1868 411 sit,
1910 327 1948 382 l.
1993 342 2039 382 1.
2094 328 2152 382 in

481 504 488 511 ·
515 499 581 534 sa
618 498 733 535 esre
769 476 856 533 lic.
892 476 937 531 si
973 474 1287 542 promissum
1322 470 1398 540 id,
1434 467 1577 537 quod
1612 484 1726 524 non
1761 416 2151 539 debeant-,ciris

505 553 608 621 qui
637 550 755 619 plus
790 543 881 601 31.
916 542 971 600 h.
1009 560 1051 600 t.
1090 543 1136 596 si
1171 540 1358 598 cautio
1395 557 1507 594 non
1544 534 1764 611 exaEia,
1787 557 1903 609 quae
1938 550 2151 609 poterat

1968 628 2013 665 ae
2046 631 2147 667 utu

510 709 750 748 contum.
781 691 826 744 si
861 703 1027 743 usurae
1063 698 1218 751 supra
1258 680 1307 737 le
1345 685 1557 736 itimum
1593 679 1812 737 modum
1847 697 1907 737 so
1931 694 2052 751 utoe,
2109 680 2144 737 Ι.

509 762 562 816 si
594 780 699 816 non
734 776 923 815 fortem
962 753 1048 811 26.
1081 768 1159 822 pr.
1196 751 1263 813 Θ
1334 790 1348 804 .
1394 768 1439 806 1.
1462 745 1542 820 ffl
1581 749 1631 806 b.
1669 765 1710 806 t.
1747 764 1808 828 qt
1862 754 1918 808 ἃ
1978 752 2145 808 innu-

507 844 663 889 mera
697 847 857 900 prope
890 824 1000 883 alia
1035 824 1234 892 passim
1272 837 1364 891 per
1398 824 1709 879 universum
1757 835 1842 890 jus
1885 821 2146 893 dispersa,

2207 233 2331 301 Tit.
2388 233 2495 299 VI.
3303 266 3314 278 .

2209 327 2480 384 incertum
2513 322 2753 397 quidun,
2784 320 3007 394 quando
3022 324 3261 389 extimi-a
3278 321 3370 395 sit,
3403 330 3613 383 certum
3632 331 3843 400 tamen,

2206 413 2329 454 eam
2364 396 2657 466 aliquando
2687 397 2988 455 extituram
3019 414 3147 464 esse,
3188 394 3362 453 veluti
3397 414 3520 454 cum
3535 399 3706 455 Tirim
3730 418 3846 455 mo·

2208 471 2393 535 rietur,
2427 467 2663 527 solutum
2695 481 2824 525 ante
2856 468 3000 525 diem
3045 472 3149 524 aut
3203 465 3532 526 conditionis
3583 479 3847 527 eventum

2207 539 2422 599 condici
2458 542 2669 610 nequit,
2689 540 2728 594 Ι.
2764 543 2822 595 in
2857 537 3003 593 diem
3032 556 3129 595 ao.
3163 537 3201 595 l.
3238 557 3371 594 nam
3407 542 3456 595 si
3498 552 3580 610 17.
3610 540 3648 595 Ι.
3679 530 3845 610 stiffi

2206 609 2258 666 b.
2297 625 2334 666 r.
2372 626 2498 668 cum
2528 607 2704 669 debiti
2741 612 2798 664 in
2833 610 2979 666 diem
3014 623 3164 665 certo
3214 611 3511 666 extiturum
3561 608 3681 667 dies
3731 621 3849 668 sta·

2206 681 2310 737 tim
2345 681 2523 750 cedat,
2561 682 2857 747 statimque
2891 676 3136 747 debitum
3172 678 3534 751 intelligatur,
3568 681 3675 737 etsi
3712 696 3847 737 nec-

2204 749 2334 808 dum
2368 756 2478 820 peti
2515 752 2701 822 possit,
2707 743 2787 876 j
2823 768 3005 804 omma
3041 749 3312 818 stipulatio
3347 765 3400 806 2.
3438 750 3659 806 [made
3696 749 3841 807 verb.

2205 821 2412 897 obligat.
2450 824 2503 878 d.
2542 820 2576 877 Ι.
2615 824 2672 879 in
2744 823 2850 877 iem
2894 837 2973 876 10.
2997 817 3074 891 ff.
3114 819 3164 877 b.
3203 836 3243 875 t.
3298 822 3355 878 &
3410 839 3540 889 pure
3591 818 3846 890 stipulari

2206 894 2471 962 videatur,
2508 896 2598 961 qui
2634 888 2735 949 sub
2768 891 3106 961 conditione,
3139 909 3255 962 que
3288 892 3443 947 omni
3482 891 3646 948 modo
3703 894 3847 950 exti-

2203 975 2326 1020 tura
2363 976 2461 1033 est,
2496 962 2808 1032 stipulatur,
2844 962 2882 1019 l.
2922 963 2971 1017 ri
2996 961 3222 1031 pupillus
3256 973 3310 1032 9.
3346 950 3403 1033 5.
3442 964 3492 1018 ri
3524 966 3617 1033 qm·
3649 960 3752 1020 sub
3782 981 3846 1022 1.

2188 1030 2263 1105 ff.
2300 1032 2365 1089 de
2401 1037 2664 1092 novation.
2701 1022 2835 1105 Que
2870 1032 3007 1089 adeo
3042 1050 3186 1102 vera,
3223 1048 3282 1089 ut
3305 1050 3405 1089 nec
3429 1033 3841 1108 interusurium,

505 1123 666 1180 reat3
703 1127 829 1166 nam
866 1108 915 1167 si
951 1120 1148 1163 natura
1181 1103 1442 1162 debeatur
1459 1103 1599 1175 quod
1617 1101 1853 1160 solutum
1871 1116 1974 1173 est,
2009 1119 2113 1159 con
2200 1125 2291 1162 seu
2329 1122 2489 1161 usura
2525 1103 2691 1161 medii
2727 1104 3024 1172 temporis,
3057 1102 3203 1174 quod
3241 1102 3383 1160 inter
3414 1101 3752 1161 solutionem
3784 1108 3845 1167 δε

504 1180 677 1240 difflo
713 1177 946 1238 indebiti
981 1176 1273 1245 impeditur
1309 1175 1346 1229 l.
1382 1174 1707 1232 naturaliter
1751 1169 1831 1229 15.
1852 1175 1889 1228 Ι.
1928 1177 1977 1229 se·
2009 1175 2149 1246 quod
2199 1175 2304 1232 diei
2329 1174 2413 1232 vel
2446 1176 2780 1233 conditionis
2808 1176 3153 1233 existentiam
3172 1175 3491 1244 intercessit,
3510 1180 3619 1242 peti
3655 1188 3844 1247 queat.

505 1251 752 1308 dominus
786 1247 877 1318 64.
902 1244 976 1319 ff
1012 1245 1064 1303 b.
1101 1264 1146 1303 t.
1182 1249 1437 1319 maxime,
1470 1249 1512 1301 si
1547 1261 1613 1300 ex
1651 1244 1800 1301 nudo
1853 1241 2012 1312 pauo
2042 1246 2140 1304 de-
2200 1244 2322 1303 Etsi
2357 1252 2505 1303 enim
2542 1259 2695 1316 tunc,
2729 1263 2855 1304 cum
2887 1243 3107 1303 debitor
3140 1263 3206 1302 ex
3241 1240 3380 1311 iusta
3435 1245 3670 1314 quadam
3705 1262 3839 1304 cau-

505 1322 680 1379 bitum
721 1319 902 1391 fuerit,
938 1319 976 1374 l.
1002 1317 1127 1388 juri
1151 1316 1394 1390 gentium
1430 1327 1478 1386 7.

1576 1355 1592 1370 .
1626 1315 1726 1371 ml
1751 1334 1874 1371 cum
1909 1315 2064 1372 nulla
2082 1314 2137 1384 4.
2198 1330 2256 1371 32
2310 1317 2702 1375 condemnatur
2755 1316 2824 1374 ad
2860 1315 3177 1372 solvendum
3230 1328 3362 1373 ante
3416 1327 3641 1387 tempus,
3693 1317 3841 1390 quod

493 1393 563 1463 ff.
603 1392 668 1447 de
697 1394 867 1458 patuis
897 1409 914 1457 3
951 1389 986 1445 l.
1057 1388 1271 1444 uamvis
1309 1399 1479 1442 usura
1550 1385 1642 1440 .C.
1680 1385 1747 1440 de
1781 1389 1978 1458 usuris,
2015 1403 2139 1442 cum
2199 1387 2419 1444 demum
2453 1400 2572 1457 post
2596 1387 2752 1446 ‘diem
2786 1397 2992 1443 certum
3034 1384 3275 1453 alioquin
3300 1386 3660 1454 praestandum
3694 1401 3836 1459 erat,

502 1460 786 1520 subsecuta
822 1461 892 1517 ad
927 1477 990 1528 pa
1050 1475 1141 1515 um
1176 1454 1378 1513 solutio
1409 1458 1539 1513 satis
1573 1454 1926 1527 demonstret,
1977 1473 2138 1528 eum,

502 1539 594 1602 qui
631 1527 789 1603 paQo
822 1530 1088 1600 promisit,
1123 1524 1371 1584 habuisse
1406 1526 1650 1584 animum
1683 1546 1795 1584 sese
1838 1524 2138 1655 obliga‘nscg¹

503 1623 606 1662 nec
642 1601 1098 1659 inconsideratam
1134 1595 1294 1654 fuisse
1347 1601 1608 1656 sermone
1635 1589 1998 1675 ‚faflantiaim

503 1670 705 1731 seria'm
737 1672 1168 1742 promissionem.
1208 1665 1376 1738 Quod
1410 1670 1560 1725 enim
1594 1680 1772 1740 ayunt,
1808 1665 2136 1726 naturaliter

499 1742 768 1815 debitum,
805 1761 916 1800 non
955 1760 1070 1800 esse
1122 1737 1385 1809 debitum,
1440 1757 1538 1796 nec
1593 1736 1721 1797 inde
1775 1755 1932 1809 quem
1987 1758 2137 1809 posse

499 1816 827 1872 creditorem
861 1813 1059 1882 videri,
1095 1810 1132 1865 Ι.
1168 1810 1348 1866 credit.
1392 1825 1474 1866 ιο.
1506 1804 1575 1881 ff
1613 1806 1677 1865 de
1711 1809 1851 1867 verb.
1871 1806 2049 1885 st'gn'fi
2070 1828 2136 1867 eo

419 1892 429 1902 ’
501 1898 722 1942 tantum
755 1886 1011 1953 pertinet,
1080 1879 1187 1938 uod
1223 1880 1322 1937 illa
1357 1898 1469 1937 non
1523 1886 1594 1938 sit
1640 1876 1799 1950 plena
1851 1883 1904 1940 81
1963 1881 2037 1938 ad
2071 1898 2134 1935 0-

493 1972 679 2013 runem
714 1950 962 2014 effeeium
997 1967 1063 2006 va
1092 1951 1176 2009 ida
1209 1948 1514 2022 obligatio,
1550 1949 1710 2028 idque
1734 1949 2133 2011 addistinfflo-

374 2081 390 2096 ,
863 2040 982 2095 quae
1017 2019 1285 2079 naturalis
1318 2039 1380 2077 ac
1415 2022 1593 2079 civilis
1629 2019 1786 2079 simul
1820 2033 1921 2093 est,
1956 2028 2014 2081 δι
2049 2017 2129 2081 ef·

495 2090 718 2152 ficacem
751 2064 1024 2153 aelionem
1055 2106 1152 2151 aut
1186 2091 1604 2161 persecutionem
1640 2094 1801 2162 parit,
1835 2092 2131 2150 secundum

496 2164 672 2232 prima
710 2163 879 2224 verba
913 2163 966 2220 d.
1006 2164 1031 2220 l
1086 2165 1132 2218 is·
1172 2180 1257 2220 ιο.
1294 2161 1400 2221 sed
1435 2164 1532 2233 81,
1584 2162 1631 2219 si
1688 2162 2014 2235 naturaliter
2066 2178 2129 2217 ac

496 2234 738 2297 civiliter
770 2232 932 2292 simul
965 2231 1032 2290 de
1074 2238 1172 2291 ita·
1227 2253 1286 2291 er
1318 2232 1644 2292 creditorem
1676 2246 1868 2290 contra
1889 2231 2128 2290 moribus

492 2318 593 2362 aut
628 2303 838 2378 legibus
874 2318 1140 2376 receptam
1200 2319 1411 2359 ormam
1444 2301 1654 2372 exacta,
1706 2316 1765 2359 at
1803 2324 1870 2364 ue
1923 2306 2004 2359 ita
2039 2322 2128 2374 per

490 2374 795 2437 debitorem
829 2374 1006 2433 uoluta
1045 2372 1270 2445 fuerint,
1302 2371 1639 2435 condictioni
1692 2371 1750 2430 in
1790 2374 1926 2432 ebiti
1979 2372 2127 2455 locus

492 2464 605 2504 non
642 2458 764 2514 est5
795 2462 923 2504 cum
953 2444 1066 2503 dici
1103 2455 1356 2515 nequeat,
1391 2444 1696 2502 indebitum
1729 2464 1860 2515 esse,
1894 2445 1957 2501 in
1976 2461 2127 2509 0111113

499 2042 625 2084 nem
661 2024 812 2082 illius

492 2515 782 2576 exaaione
815 2527 1036 2573 tantum
1071 2528 1348 2585 peccatum
1380 2526 1502 2583 est,
1553 2532 1653 2571 nec
1705 2515 1965 2573 damnum
2001 2535 2124 2573 sen·-

491 2586 620 2657 tiat,
654 2590 750 2659 qui
785 2603 896 2647 non
934 2581 1054 2656 plus
1086 2585 1273 2657 solvit,
1323 2603 1488 2656 quam
1539 2600 1662 2643 vere
1695 2584 1875 2658 debet,
1912 2603 2029 2657 arg.
2084 2586 2120 2640 l.

475 2656 592 2713 sed
616 2656 685 2721 ἐς
713 2672 910 2729 partus.
945 2673 1029 2713 12.

491 2816 655 2868 poenae
777 2797 886 2858 ales
981 2803 1156 2885 iquem
1191 2801 1470 2868 privantes
1505 2814 1621 2868 jure
1655 2814 1755 2853 suo
1790 2793 2118 2855 ferunturin

488 2869 713 2928 desuetu
754 2885 903 2929 1110111
937 2867 1149 2939 abiisse,
1183 2868 1419 2953 adecque
1452 2868 1684 2944 creditos
1715 2865 1791 2923 ob
1828 2880 2036 2925 metum
2054 2866 2118 2923 il-

486 2940 663 2998 latum
695 2938 811 3011 jure
841 2938 1037 2997 crediti
1073 2956 1187 2995 non
1222 2938 1392 3008 cadit,
1444 2950 1597 3004 culus
1631 2940 1966 2995 contrarium
2001 2936 2119 2999 Ro-

486 3011 665 3067 manis
697 3008 991 3082 placuerat.
1029 3005 1107 3065 Ut
1143 3022 1329 3067 tamen
1363 3006 1636 3078 debitori,
1675 3007 2000 3088 qursolvit,
2057 3025 2118 3063 a·

482 3077 597 3139 &io
630 3078 1088 3140 accommodanda
1119 3079 1216 3149 sit,
1248 3081 1294 3136 si
1368 3095 1435 3136 ua
1489 3078 1705 3135 ratione
1739 3094 1848 3147 ejus
1883 3080 2118 3148 intersit,

480 3148 758 3208 amonem
794 3167 941 3210 more
975 3149 1282 3221 improbato
1318 3096 1520 3230 19282111
1552 3167 1705 3218 03305
1755 3161 1916 3219 atque
1949 3149 2118 3208 etiam

480 3221 621 3279 vind
641 3217 737 3300 &ge
775 3219 997 3290 publica:
1031 3219 1451 3290 persecutionem
1484 3236 1597 3290 Jure
1633 3215 1815 3287 faciat,
1847 3221 1936 3278 cui
1957 3240 2116 3279 accu-

480 3291 642 3351 sandi
681 3307 764 3360 Jus
798 3304 900 3364 est,
934 3294 979 3348 si
1015 3289 1085 3350 ad
1124 3288 1397 3360 publicam
1430 3290 1699 3347 laesionem
1734 3307 1982 3350 excessus
1998 3312 2117 3362 spe-

482 3362 615 3435 aet,
652 3360 838 3420 Sande
872 3360 1029 3419 decis.
1055 3361 1244 3418 Frific.
1268 3359 1357 3420 lib.
1391 3380 1434 3419 1.
1470 3363 1554 3418 tit.
1599 3376 1679 3417 12.
1699 3359 1744 3418 A
1840 3403 1853 3416 .
1875 3377 1927 3418 2.
1962 3361 2114 3420 Con-

483 3433 568 3492 fer
602 3434 766 3492 aliter
799 3449 869 3490 ex
907 3446 1060 3503 parte
1103 3433 1433 3492 sentientem
1467 3430 1680 3495 Anten.
1763 3430 1960 3490 abtum
1993 3432 2112 3490 Cod.

469 3502 602 3568 libr.
642 3517 696 3578 7.
742 3505 829 3563 tit.
867 3519 952 3560 2ο.
987 3500 1192 3574 definit.
1239 3501 1321 3560 15.
1356 3518 1443 3560 22.
1479 3498 1567 3559 26.

469 3616 480 3621 -
558 3569 615 3631 5.
712 3575 818 3634 uod
853 3575 900 3630 si
934 3591 1002 3632 ex
1036 3576 1126 3631 die
1162 3577 1392 3646 incerto,
1426 3590 1499 3630 an
1533 3590 1610 3630 un
1649 3589 1771 3629 uam
1807 3578 2110 3633 3110211111-

481 3662 597 3717 rus‚
633 3663 698 3704 ve
724 3646 804 3703 uti
838 3663 961 3700 cum
990 3644 1159 3700 Baius
1195 3645 1527 3714 consuluerit,
1563 3661 1629 3700 ve
1685 3642 1786 3701 sub
1819 3643 1988 3701 simili
2024 3646 2113 3702 in—

476 3726 629 3777 certa
661 3713 976 3772 conditione
1010 3713 1255 3772 debitum
1306 3713 1549 3771 solvatur
1600 3727 1730 3773 ante
1762 3717 2111 3773 existentiam

478 3786 591 3849 diei
629 3784 717 3846 vel
752 3784 1107 3855 conditionis,
1144 3785 1413 3853 pendente
1447 3783 1663 3854 quidem
1680 3784 2002 3844 conditione
2027 3786 2110 3844 vel

474 3863 568 3921 die
602 3855 825 3914 condici
860 3866 1076 3924 potest,
1108 3867 1169 3912 at
1201 3872 1266 3912 ea
1299 3858 1566 3913 existente
1601 3871 1713 3911 non
1749 3857 2035 3929 repetitur,
2072 3858 2106 3914 l.

477 3925 624 4003 quod
650 3929 700 3983 si
734 3946 801 3981 ea
842 3923 923 3982 18.
961 3926 1022 3981 in
1040 3922 1154 3995 fine
1170 3919 1247 3997 ffi
1283 3923 1334 3981 b.
1371 3940 1412 3981 t.
1448 3927 1505 3984 81
1537 3924 1609 3982 ad
1643 3923 1809 3982 talem
1842 3926 1987 3984 diem
2024 3925 2111 3984 vel

475 3997 857 4063 conditionem
892 3995 1287 4067 restringenda,
1321 4013 1434 4065 quae
1468 3991 1769 4068 generalius
1796 4014 2107 4067 proponun—

476 4085 571 4136 mr
605 4069 666 4125 in
702 4067 743 4123 l.
781 4063 879 4124 sub
913 4063 1203 4123 condicione
1247 4067 1329 4129 16.
1361 4082 1438 4137 pr.
1475 4065 1542 4128 Θ
1577 4062 1654 4133 ff.
1697 4084 1744 4122 1.
1766 4061 1843 4137 ff
1875 4067 1926 4125 b.
1965 4085 2005 4124 t.
2026 4073 2107 4125 uti

460 4149 520 4208 ἃ
571 4137 716 4212 quod
750 4137 1015 4206 scriptum
1047 4149 1151 4209 est,
1186 4136 1264 4209 id,
1299 4136 1440 4204 quod
1459 4154 1592 4205 pure
1609 4133 1896 4211 debebam,
1931 4144 1977 4194 si
1997 4139 2108 4209 ipse

478 4207 569 4274 vel
621 4207 763 4266 alius
813 4225 911 4278 pro
942 4225 1053 4278 me,
1104 4209 1343 4267 novandi
1395 4207 1585 4265 animo
1636 4205 1737 4264 sub
1787 4209 2108 4267 conditione

477 4280 835 4364 promiserim,
867 4278 1134 4347 pendente
1151 4285 1449 4337 novatione
1465 4276 1645 4336 solutu
1754 4279 1962 4337 condici
1987 4299 2105 4351 pos-

472 4381 552 4423 se,
587 4351 740 4423 quia,
775 4366 845 4408 ex
880 4366 984 4418 qua
1018 4347 1225 4406 solvam
1243 4347 1360 4406 obli
1397 4349 1584 4405 atione
1636 4349 1706 4405 ad
1746 4367 1812 4406 uc
1830 4350 2101 4408 incertum

470 4434 574 4491 est,
616 4423 654 4477 Ι.
691 4419 936 4477 Julianus
970 4417 1058 4476 60.
1092 4414 1145 4491 5;
1183 4437 1234 4476 i.
1268 4416 1335 4490 ffi
1409 4462 1421 4473 .
1461 4432 1501 4473 t.
1536 4387 1853 4491 Militatque
1887 4418 1991 4475 hoc
2009 4439 2101 4477 ca—

469 4509 539 4561 ·su
575 4507 675 4560 pro
707 4487 1055 4549 conditiione
1088 4491 1354 4558 aequitatis
1391 4490 1553 4561 ratio,
1587 4494 1713 4560 quia
1730 4489 2001 4559 pendente
2019 4503 2101 4546 ta-

461 4572 507 4630 η
550 4561 868 4619 conditione
904 4559 990 4620 vel
1024 4560 1133 4629 die,
1165 4558 1517 4632 obligationis
1547 4559 1664 4618 dies
1693 4575 1797 4616 nec
1814 4565 1971 4618 cessit
2000 4580 2101 4620 nec

463 4634 647 4707 venit,
679 4630 782 4688 ade
855 4650 925 4689 ue
959 4630 1174 4689 nullum
1206 4631 1433 4689 interim
1475 4626 1722 4687 debitum
1765 4628 1964 4704 subest,
2008 4631 2100 4691 sed

449 4700 579 4773 goia
611 4719 728 4771 spes
762 4702 831 4759 de
871 4708 1008 4759 itum
1045 4707 1136 4772 iri,
1167 4697 1245 4770 ff.
1280 4698 1375 4759 sub
1407 4697 1699 4757 conditione
1732 4699 1787 4771 4.
1825 4699 2006 4760 Instit.
2032 4702 2099 4759 de

1062 2646 1120 2730 5.
1158 2654 1257 2715 ult.
1283 2656 1322 2714 l.
1365 2653 1449 2726 14.
1484 2654 1525 2711 Ι.
1562 2655 1663 2712 ult.
1696 2646 1748 2728 §.
1773 2658 1872 2714 ult.
1897 2650 1973 2728 ff
1990 2656 2133 2729 quod

491 2745 669 2786 metus
703 2747 896 2800 causa,
919 2729 1240 2854 apresertim
1291 2725 1573 2808 hodiernis
1609 2725 1871 2797 moribus,
1926 2726 2123 2798 quibus

2199 1459 2588 1515 interusurium
2621 1476 2711 1516 seu
2749 1456 3097 1513 commodum
3133 1459 3618 1523 repraesentationis
3652 1474 3724 1515 ex
3771 1475 3842 1519 eo

2195 1526 2384 1585 debito
2416 1527 2606 1585 deduci
2645 1530 2828 1598 possit,
2863 1527 2898 1584 Ι.
2938 1529 2987 1582 si
3020 1544 3290 1583 constante
3325 1525 3408 1594 24.
3430 1527 3505 1598 ρ’.
3526 1529 3761 1598 quotiens
3777 1545 3833 1589 2.

2186 1595 2261 1667 ff?
2290 1600 2456 1655 soluto
2490 1602 2796 1656 matrimon.
2817 1615 2877 1653 ar
2917 1640 2930 1653 .
2950 1596 2989 1653 l.
3011 1599 3059 1653 ri
3092 1595 3419 1653 mandavero
3449 1613 3531 1652 22.
3552 1592 3605 1674 §.
3627 1598 3761 1654 item
3783 1618 3833 1658 1.

2190 1664 2260 1737 ffl
2290 1666 2560 1739 mandati,
2595 1668 2725 1726 Ant.
2750 1668 2895 1728 Matt
2939 1686 3040 1727 aeus
3075 1666 3140 1723 de
3175 1667 3408 1725 anHion.
3430 1666 3550 1725 libr.
3570 1686 3621 1724 2.
3640 1683 3751 1739 cap.
3771 1667 3829 1728 5.

2194 1759 2342 1796 num.
2379 1757 2468 1796 22.
2508 1740 2565 1798 id
2598 1753 2781 1803 tamen
2817 1737 2887 1797 ad
2920 1738 3251 1797 solutionem
3269 1752 3397 1796 ante
3416 1749 3625 1807 tempus
3727 1757 3832 1799 on·-

2194 1825 2249 1869 te
2284 1829 2377 1880 per
2411 1826 2667 1879 errorem,
2699 1829 2765 1867 ac
2802 1808 2953 1868 nulla
2991 1815 3325 1892 necessitate·
3343 1825 3567 1881 urgente
3603 1758 3838 1885 fingam,

2193 1880 2574 1953 porrigendum
2610 1898 2721 1938 11011
2756 1895 3004 1952 031,112111
3036 1896 3159 1937 011111
3194 1896 3356 1937 sortis
3374 1881 3568 1950 petitio
3602 1881 3833 1951 impedi-

2191 1964 2250 2006 ta
2283 1955 2390 2021 sit,
2442 1969 2506 2007 20
2541 1951 2768 2023 proinde
2801 1968 3010 2009 moram
3048 1948 3232 2007 fecisse
3268 1950 3441 2009 videri
3490 1968 3599 2007 non
3660 1953 3831 2021 possit

2192 2025 2274 2093 is,
2309 2021 2398 2080 cui
2420 2020 2668 2080 'solutum
2712 2035 2830 2094 est,
2884 2038 3164 2080 usurarum
3217 2039 3426 2094 quoque
3475 2017 3829 2081 exafflonem

2186 2111 2390 2150 cessare
2425 2110 2642 2150 necesse
2678 2106 2798 2160 est5
2832 2094 3085 2160 maxime,
3117 2110 3241 2149 cum
3258 2086 3445 2149 stria}
3468 2089 3604 2161 juris
3636 2094 3713 2150 sit
3741 2094 3830 2150 in-
3874 2118 3887 2126 ·

2187 2161 2357 2221 debiti
2391 2159 2689 2235 condifflo,
2725 2163 2786 2218 in
2862 2179 2929 2219 112
2965 2179 3075 2219 11011
3111 2182 3179 2219 ex
3216 2179 3370 2219 mora
3405 2163 3625 2232 quidem
3659 2181 3831 2223 usura

2184 2233 2453 2291 debentur
2474 2274 2492 2303 ,
2525 2250 2642 2319 arg.
2679 2233 2715 2288 Ι.
2771 2182 2914 2289 1121ae
2947 2230 3037 2301 40.
3094 2251 3233 2291 vers.
3270 2231 3370 2289 sed
3392 2252 3516 2290 cum
3569 2236 3726 2292 sonis
3751 2230 3827 2305 ff

2183 2304 2252 2359 de
2282 2302 2386 2361 reb.
2420 2302 2654 2377 creditu,
2689 2302 2728 2360 Ι.
2761 2323 2865 2374 eor,
2900 2302 2970 2361 26
3004 2302 3061 2357 C.
3099 2301 3165 2359 de
3200 2305 3375 2362 muris
3388 2346 3407 2376 ,
3440 2303 3720 2363 Goetalius
3751 2304 3826 2364 ad

2185 2376 2220 2431 l.
2266 2391 2349 2431 10.
2366 2370 2452 2460 ff
2488 2373 2541 2432 h.
2577 2392 2619 2431 t.
2657 2370 2907 2434 Perezius
2943 2371 3065 2430 cod.
3102 2375 3156 2432 b.
3190 2390 3232 2431 t.
3269 2394 3418 2432 num.
3454 2371 3510 2429 5.

2251 2442 2307 2514 4.
2346 2443 2408 2502 bi
2441 2445 2561 2516 quis
2595 2461 2807 2503 summo
2843 2444 3055 2514 quidem
3104 2442 3217 2517 iure
3250 2443 3403 2501 civili
3437 2440 3670 2516 debeat,
3726 2444 3825 2503 aed

2181 2517 2499 2586 exceptione
2533 2529 2787 2586 perpetua
2824 2526 2975 2573 tutus
3029 2520 3098 2570 sit
3133 2514 3325 2573 adhuc·
3347 2513 3689 2574 condiaioni
3735 2514 3824 2573 lo-

2181 2604 2273 2643 0113
2307 2596 2410 2652 est,
2443 2589 2488 2641 si
2525 2586 2692 2643 modo
2724 2588 2974 2656 exceptio
3008 2585 3070 2641 in
3105 2586 3423 2656 excipientis
3452 2581 3697 2642 favorem
3730 2586 3821 2645 in·

2181 2650 2437 2717 troduSia
2470 2658 2583 2728 sit,
2618 2655 2791 2729 qualis
2823 2669 2906 2715 est
2939 2655 3401 2715 senatusconsulti
3438 2651 3732 2729 Vellejani,
3779 2656 3822 2714 Ι.

2181 2729 2229 2782 η’
2261 2748 2362 2784 non
2396 2742 2591 2783 tot-tem
2626 2729 2711 2785 26.
2730 2728 2809 2799 ff.
2847 2724 3142 2785 indebitum
3176 2722 3232 2784 5.
3269 2728 3305 2784 Ι.
3341 2726 3433 2800 qui
3466 2727 3819 2799 exceptionem

2178 2795 2266 2867 4ο.
2288 2793 2369 2872 ff
2406 2795 2458 2855 b.
2495 2812 2539 2854 t.
2573 2795 2686 2857 doli
2722 2796 2875 2867 mali,
2909 2797 2945 2854 l.
2983 2802 3074 2870 qui
3106 2818 3159 2856 se
3194 2796 3378 2854 debm
3412 2811 3463 2869 7.
3493 2797 3556 2854 de
3589 2797 3817 2856 conda.

2178 2888 2326 2927 caut.
2361 2865 2480 2924 dat.
2514 2886 2685 2924 cauea
2720 2888 2824 2924 non
2857 2886 3070 2937 secuta,
3103 2867 3245 2938 pae'ti
3281 2868 3350 2927 de
3386 2885 3501 2925 non
3530 2868 3769 2938 petendo
3785 2906 3809 2939 ,

2176 2938 2215 2997 l.
2251 2942 2342 3009 qui
2375 2935 2643 2994 bominem
2677 2932 2765 3007 54.
2801 2936 2877 3007 ff.
2894 2938 2993 2996 ult.
3079 2981 3090 2992 .
3130 2936 3195 2995 de
3227 2939 3467 2997 solution.
3500 2933 3824 3008 iurisiuran-

2175 3010 2254 3076 di.
2289 3010 2326 3066 l.
2363 3010 2411 3063 ri
2444 3008 2557 3080 quir
2611 3007 2833 3067 'uras-set
2866 3002 2955 3078 45.
3038 3052 3052 3068 .
3090 3007 3139 3066 b.
3177 3027 3218 3068 t.
3254 3011 3336 3069 rei
3372 3005 3650 3082 judicata,
3696 3025 3728 3066 a
3801 3051 3818 3067 .

2176 3078 2226 3135 d.
2268 3078 2306 3136 Ι.
2344 3073 2433 3148 45.
2455 3075 2534 3150 ffl
2609 3120 2624 3134 .
2660 3096 2703 3138 t.
2740 3076 2907 3153 itm&-
2946 3081 2980 3137 Ι.
3023 3097 3069 3138 1.
3086 3095 3163 3151 pr.
3188 3076 3266 3152 ffl
3327 3100 3526 3138 aarum
3561 3091 3663 3138 ser.
3700 3027 3817 3140 οἳ.

2174 3169 2278 3207 non
2310 3149 2475 3207 datur
2494 3190 2509 3204 .
2547 3146 2609 3209 N
2676 3170 2739 3210 ue
2775 3149 2902 3208 huic
2935 3149 3138 3225 obstat,
3172 3172 3245 3226 qu
3348 3148 3543 3212 Paulus
3577 3153 3818 3226 scripsit,

2173 3238 2332 3293 eum,
2386 3239 2546 3297 quem
2584 3217 2601 3292 i
2674 3240 2739 3282 011
2780 3221 2919 3282 111210
2953 3222 3187 3282 absolvit
3221 3225 3271 3283 si
3303 3235 3498 3297 sponte
3543 3222 3818 3295 solverit,

2174 3305 2412 3363 repetere
2446 3311 2560 3351 non
2596 3314 2763 3366 posse,
2794 3295 2834 3355 l.
2858 3293 3032 3368 judex
3068 3291 3154 3354 28.
3160 3290 3240 3367 ff.
3276 3293 3328 3351 b.
3346 3311 3388 3352 1.
3417 3300 3530 3367 agit
3564 3295 3717 3354 enim
3743 3294 3816 3355 de

2172 3381 2260 3436 eo,
2292 3366 2388 3437 qui
2424 3369 2629 3437 sciens,
2661 3384 2721 3425 se
2753 3368 2834 3424 rei
2873 3362 3120 3430 iudicata
3153 3369 3472 3438 exceptione
3508 3377 3687 3422 tutum
3721 3383 3813 3424 es·

2171 3455 2249 3507 se,
2286 3447 2469 3492 tamen
2503 3435 2708 3506 solvit3
2743 3435 2992 3509 qualibus
3027 3456 3136 3495 non
3174 3434 3311 3496 solet
3345 3431 3625 3495 eondiaio
3655 3436 3811 3508 dari,

2125 3526 2134 3536 ·
2171 3503 2224 3561 d.
2262 3505 2298 3562 Ι.
2337 3507 2387 3562 si
2416 3509 2518 3563 non
2552 3526 2746 3576 sot-,tem
2782 3508 2869 3567 26.
2904 3501 2961 3580 5.
2999 3507 3295 3566 indebitum
3329 3501 3380 3564 3.
3405 3502 3484 3576 ff
3509 3506 3561 3564 b.
3583 3523 3624 3563 t.
3645 3524 3810 3579 quam

2169 3576 2459 3636 scientiam
2495 3578 2556 3637 in
2592 3570 2645 3636 ii.
2666 3578 2702 3636 l.
2741 3575 2825 3636 23.
2861 3580 2995 3635 satis
3029 3583 3209 3652 arguit
3245 3575 3440 3634 vocula
3475 3592 3652 3647 sponte
3684 3599 3812 3650 sua,

2172 3664 2285 3705 non
2323 3648 2489 3706 modo
2523 3649 2823 3708 voluntatis
2857 3647 3191 3721 libertatem,
3230 3648 3320 3707 sed
3348 3650 3404 3708 &
3439 3646 3600 3706 simul
3633 3664 3804 3720 oppo-

2168 3717 2332 3774 sitam
2367 3720 2693 3793 ignorantiae
2728 3721 3016 3778 scientiam
3040 3719 3368 3846 §euandoque
3417 3716 3809 3793 00111ρ1080113,

2169 3805 2281 3863 arg.
2321 3788 2358 3844 Ι.
2395 3789 2485 3860 qui
2516 3808 2640 3848 cum
2675 3790 2784 3846 alio
2827 3810 2840 3846 1
2909 3787 3004 3914 [θῖ
3140 3809 3243 3865 reg.
3266 3789 3389 3863 jur.
3428 3792 3729 3857 praeseoeim
3759 3794 3806 3850 si

2167 3859 2691 3988 consideresssszalem
2724 3864 2781 3917 in
2816 3803 2903 3917 1?
2928 3901 2940 3914 .
2982 3855 3063 3917 28.
3165 3862 3363 3932 oponi,
3398 3862 3491 3929 qui
3527 3861 3679 3919 male
3712 3881 3809 3932 per

2168 3925 2399 3998 iudicem
2432 3948 2464 3985 a
2567 3930 2708 3988 lutus
2743 3944 2881 4005 erat,
2915 3932 2973 3991 &
3011 3879 3366 4001 probabiliter
3401 3928 3603 4013 bonam
3641 3930 3809 3992 fidem

2167 4016 2454 4072 agnoscere
2488 4001 2686 4060 maluit
2719 4001 2999 4075 solvendo,
3014 4018 3178 4075 quam
3211 4003 3506 4062 secundum
3539 4020 3620 4073 Jus
3653 4021 3810 4062 311111-

2164 4087 2316 4128 11111111
2351 4089 2464 4129 sese
2498 4070 2842 4132 defendendo
2860 4114 2878 4144 ,
2924 4087 3117 4130 contra
3151 4077 3455 4148 aequitatem
3498 4073 3807 4134 naturalem

2163 4157 2289 4198 cum
2324 4141 2620 4201 adversarii
2656 4139 2788 4201 viai
2822 4140 3023 4215 jasium
3064 4144 3379 4214 locupletari
3399 4165 3424 4212 ‚-
3458 4144 3545 4204 vel
3578 4139 3805 4220 litigare

2164 4212 2303 4281 apud
2343 4208 2571 4280 iudicem
2606 4215 2962 4300 superiorem,
2996 4215 3126 4273 dum
3160 4213 3312 4274 26101·
3348 4216 3528 4273 victus
3556 4217 3805 4288 appella-

2163 4289 2367 4340 tionem
2400 4285 2645 4342 minatur
2663 4325 2683 4356 ,
2715 4287 2764 4340 si
2795 4284 2998 4344 solutio
3051 4304 3161 4344 non
3202 4283 3297 4343 fiat
3317 4328 3335 4357 ,
3386 4285 3662 4346 meliorem
3694 4289 3807 4349 sibi

2160 4353 2428 4422 spondens
2467 4359 2522 4410 in
2560 4353 2704 4412 bona
2740 4373 2897 4416 causa
2933 4356 3046 4413 litis
3072 4371 3346 4416 eventum.
3383 4352 3573 4416 Minus
3603 4361 3805 4420 adver-

2159 4435 2326 4495 satur,
2358 4424 2503 4494 quod
2536 4441 2603 4482 ex
2637 4422 2853 4484 Juliano
2885 4426 3029 4485 idem
3066 4426 3263 4486 Paulus
3299 4434 3561 4502 negavit,
3607 4451 3800 4490 verum

2159 4491 2443 4550 debitorem
2472 4508 2582 4562 port
2618 4496 2769 4554 litem
2802 4513 3175 4571 concertatum,
3211 4517 3460 4558 manente
3496 4500 3674 4560 adbuc
3696 4503 3797 4575 ju·

2158 4562 2294 4622 dicio
2327 4564 2643 4639 solventem,
2677 4584 2894 4638 repetere
2923 4585 3066 4640 pone
3084 4593 3104 4627 .·
3155 4575 3286 4643 quia
3338 4590 3432 4636 nec
3484 4569 3761 4632 absolutus
3779 4617 3801 4645 ‚

2157 4655 2251 4693 nec
2282 4634 2661 4697 condemnatus
2695 4655 2918 4711 repetere
2947 4656 3113 4712 postet
3132 4664 3153 4698 .·
3185 4642 3308 4699 licet
3343 4643 3488 4700 enirn
3521 4639 3797 4704 absolutus·

2158 4706 2247 4779 st’t,
2282 4725 2484 4765 natm-a
2517 4726 2704 4767 tamon
2757 4709 3044 4770 debitorem
3072 4729 3381 4784 permanere
3396 4756 3416 4787 ,
3468 4712 3508 4770 l.
3544 4715 3797 4775 Iulianae

471 4768 667 4845 verbor.
703 4769 915 4847 obligat.
952 4769 1066 4829 Sed
1097 4773 1147 4830 si
1182 4769 1297 4829 dies
1328 4771 1557 4829 omnino
1587 4784 1766 4830 certus
1798 4769 2096 4845 obligatio-
2153 4774 2240 4834 60.
2274 4774 2341 4850 θῖ
2378 4778 2429 4836 b.
2466 4794 2509 4836 ι.
2538 4777 2675 4841 Non
2712 4785 2863 4841 enim
2898 4780 3010 4839 illic
3044 4784 3246 4844 solutio
3281 4803 3375 4856 per
3413 4802 3602 4844 verum
3635 4786 3794 4847 debi-

443 4879 485 4921 2
503 4843 547 4900 is
598 4847 668 4904 sit
704 4846 994 4914 appositus,
1028 4839 1117 4902 vel
1149 4839 1263 4901 dies
1295 4853 1390 4902 aut
1424 4841 1674 4904 conditio
1708 4840 1852 4917 talis,
1886 4846 1955 4906 de
1991 4863 2095 4918 qua

2156 4859 2332 4910 torem
2368 4843 2510 4911 fasta
2561 4847 2667 4912 fuit
2686 4891 2705 4926 ,
2750 4866 3033 4929 postquam
3078 4876 3174 4932 per
3207 4857 3544 4918 seutentiam
3598 4853 3795 4930 judicis
