<?xml version="1.0" encoding="UTF-8"?>
<!DOCTYPE html PUBLIC "-//W3C//DTD XHTML 1.0 Transitional//EN"
    "http://www.w3.org/TR/xhtml1/DTD/xhtml1-transitional.dtd">
<html xmlns="http://www.w3.org/1999/xhtml" xml:lang="en" lang="en">
 <head>
  <title>
</title>
<meta http-equiv="Content-Type" content="text/html;charset=utf-8" />
  <meta name='ocr-system' content='tesseract 3.04.00' />
  <meta name='ocr-capabilities' content='ocr_page ocr_carea ocr_par ocr_line ocrx_word'/>
</head>
<body>
  <div class='ocr_page' id='page_1' title='image "./joannisvoetcomm00burmgoog_0095.png"; bbox 0 0 3971 5383; ppageno 0'>
   <div class='ocr_carea' id='block_1_1' title="bbox 1255 116 2503 189">
    <p class='ocr_par' dir='ltr' id='par_1_1' title="bbox 1255 116 2503 189">
     <span class='ocr_line' id='line_1_1' title="bbox 1255 116 2503 189; baseline 0.002 -6"><span class='ocrx_word' id='word_1_1' title='bbox 1255 119 1357 185; x_wconf 82' lang='lat' dir='ltr'>De</span> <span class='ocrx_word' id='word_1_2' title='bbox 1407 116 1965 188; x_wconf 71' lang='lat' dir='ltr'>senamseonsuzto</span> <span class='ocrx_word' id='word_1_3' title='bbox 2015 117 2503 189; x_wconf 69' lang='lat' dir='ltr'>Macedoniam.</span> 
     </span>
    </p>
   </div>
   <div class='ocr_carea' id='block_1_2' title="bbox 225 203 1844 407">
    <p class='ocr_par' dir='ltr' id='par_1_2' title="bbox 225 203 1844 407">
     <span class='ocr_line' id='line_1_2' title="bbox 225 203 1844 294; baseline -0.001 -27"><span class='ocrx_word' id='word_1_4' title='bbox 225 205 307 267; x_wconf 67' lang='lat' dir='ltr'><em>d</em></span> <span class='ocrx_word' id='word_1_5' title='bbox 331 210 463 269; x_wconf 75' lang='lat' dir='ltr'>rubr</span> <span class='ocrx_word' id='word_1_6' title='bbox 516 208 575 267; x_wconf 79' lang='lat' dir='ltr'><strong>C.</strong></span> <span class='ocrx_word' id='word_1_7' title='bbox 614 210 669 269; x_wconf 80' lang='lat' dir='ltr'><strong>b.</strong></span> <span class='ocrx_word' id='word_1_8' title='bbox 703 221 744 269; x_wconf 73' lang='lat' dir='ltr'>t.</span> <span class='ocrx_word' id='word_1_9' title='bbox 779 229 833 267; x_wconf 76' lang='lat' dir='ltr'>n.</span> <span class='ocrx_word' id='word_1_10' title='bbox 867 206 922 267; x_wconf 89' lang='grc'>6.</span> <span class='ocrx_word' id='word_1_11' title='bbox 955 203 1242 270; x_wconf 67' lang='lat' dir='ltr'>Leeuwen</span> <span class='ocrx_word' id='word_1_12' title='bbox 1295 229 1432 269; x_wconf 74' lang='lat' dir='ltr'>cens.</span> <span class='ocrx_word' id='word_1_13' title='bbox 1453 207 1565 282; x_wconf 70' lang='lat' dir='ltr'>for.</span> <span class='ocrx_word' id='word_1_14' title='bbox 1596 225 1738 281; x_wconf 72' lang='lat' dir='ltr'>part.</span> <span class='ocrx_word' id='word_1_15' title='bbox 1798 229 1844 294; x_wconf 74' lang='lat' dir='ltr'>r.</span> 
     </span>
     <span class='ocr_line' id='line_1_3' title="bbox 225 276 905 407; baseline 0 -71"><span class='ocrx_word' id='word_1_16' title='bbox 225 281 345 407; x_wconf 57' lang='lat'><strong>1355.</strong></span> <span class='ocrx_word' id='word_1_17' title='bbox 382 279 438 346; x_wconf 76' lang='grc'><strong><em>4.</em></strong></span> <span class='ocrx_word' id='word_1_18' title='bbox 481 297 598 351; x_wconf 73' lang='lat' dir='ltr'>cap.</span> <span class='ocrx_word' id='word_1_19' title='bbox 633 276 686 337; x_wconf 78' lang='lat'><strong>5.</strong></span> <span class='ocrx_word' id='word_1_20' title='bbox 724 300 778 337; x_wconf 83' lang='lat' dir='ltr'>n.</span> <span class='ocrx_word' id='word_1_21' title='bbox 821 297 905 336; x_wconf 84' lang='lat'>12.</span> 
     </span>
    </p>
   </div>
   <div class='ocr_carea' id='block_1_3' title="bbox 1903 137 3537 354">
    <p class='ocr_par' dir='ltr' id='par_1_3' title="bbox 1903 137 3537 354">
     <span class='ocr_line' id='line_1_4' title="bbox 1971 137 3537 285; baseline 0.003 -20"><span class='ocrx_word' id='word_1_22' title='bbox 1971 206 2026 266; x_wconf 84' lang='lat'><strong>8.</strong></span> <span class='ocrx_word' id='word_1_23' title='bbox 2062 209 2330 285; x_wconf 85' lang='lat' dir='ltr'>Denique,</span> <span class='ocrx_word' id='word_1_24' title='bbox 2363 216 2410 271; x_wconf 89' lang='lat' dir='ltr'>si</span> <span class='ocrx_word' id='word_1_25' title='bbox 2446 227 2630 285; x_wconf 83' lang='lat' dir='ltr'>pater,</span> <span class='ocrx_word' id='word_1_26' title='bbox 2690 207 2776 272; x_wconf 80' lang='lat' dir='ltr'>vel</span> <span class='ocrx_word' id='word_1_27' title='bbox 2812 207 2922 284; x_wconf 80' lang='lat' dir='ltr'>ipse</span> <span class='ocrx_word' id='word_1_28' title='bbox 2957 208 3099 273; x_wconf 80' lang='lat' dir='ltr'>filius</span> <span class='ocrx_word' id='word_1_29' title='bbox 3138 209 3245 284; x_wconf 72' lang='lat' dir='ltr'>‘iam</span> <span class='ocrx_word' id='word_1_30' title='bbox 3282 139 3377 271; x_wconf 63' lang='lat' dir='ltr'>suoi</span> <span class='ocrx_word' id='word_1_31' title='bbox 3392 137 3537 282; x_wconf 41' lang='lat' dir='ltr'>{uris</span> 
     </span>
     <span class='ocr_line' id='line_1_5' title="bbox 1903 276 3529 354; baseline 0.003 -19"><span class='ocrx_word' id='word_1_32' title='bbox 1903 276 2094 352; x_wconf 58' lang='lat' dir='ltr'>faetus,</span> <span class='ocrx_word' id='word_1_33' title='bbox 2132 296 2229 341; x_wconf 87' lang='lat' dir='ltr'>aut</span> <span class='ocrx_word' id='word_1_34' title='bbox 2266 280 2593 354; x_wconf 74' lang='lat' dir='ltr'>fidejussores</span> <span class='ocrx_word' id='word_1_35' title='bbox 2627 280 2760 352; x_wconf 69' lang='lat' dir='ltr'>ejus,</span> <span class='ocrx_word' id='word_1_36' title='bbox 2795 295 3041 342; x_wconf 86' lang='lat' dir='ltr'>mutuum</span> <span class='ocrx_word' id='word_1_37' title='bbox 3077 285 3331 342; x_wconf 80' lang='lat' dir='ltr'>creditori</span> <span class='ocrx_word' id='word_1_38' title='bbox 3367 289 3529 343; x_wconf 87' lang='lat' dir='ltr'>resti·-</span> 
     </span>
    </p>
   </div>
   <div class='ocr_carea' id='block_1_4' title="bbox 219 347 3526 492">
    <p class='ocr_par' dir='ltr' id='par_1_4' title="bbox 219 347 3526 492">
     <span class='ocr_line' id='line_1_6' title="bbox 329 347 3431 423; baseline 0.001 -16"><span class='ocrx_word' id='word_1_39' title='bbox 329 390 345 407; x_wconf 89' lang='lat'><strong>.</strong></span> <span class='ocrx_word' id='word_1_40' title='bbox 383 348 522 410; x_wconf 90' lang='lat' dir='ltr'>Non</span> <span class='ocrx_word' id='word_1_41' title='bbox 557 352 727 408; x_wconf 85' lang='lat' dir='ltr'>etiam</span> <span class='ocrx_word' id='word_1_42' title='bbox 757 347 1096 408; x_wconf 87' lang='lat' dir='ltr'>admittenda</span> <span class='ocrx_word' id='word_1_43' title='bbox 1131 347 1243 406; x_wconf 76' lang='lat' dir='ltr'>haec</span> <span class='ocrx_word' id='word_1_44' title='bbox 1277 352 1523 419; x_wconf 82' lang='lat' dir='ltr'>exceptio</span> <span class='ocrx_word' id='word_1_45' title='bbox 1541 392 1559 422; x_wconf 88' lang='lat'>,</span> <span class='ocrx_word' id='word_1_46' title='bbox 1596 351 1646 407; x_wconf 89' lang='lat' dir='ltr'>si</span> <span class='ocrx_word' id='word_1_47' title='bbox 1681 347 1845 406; x_wconf 87' lang='lat' dir='ltr'>liber·</span> <span class='ocrx_word' id='word_1_48' title='bbox 1901 352 2127 422; x_wconf 86' lang='lat' dir='ltr'>tuerint,</span> <span class='ocrx_word' id='word_1_49' title='bbox 2163 351 2314 410; x_wconf 87' lang='lat' dir='ltr'>nulla</span> <span class='ocrx_word' id='word_1_50' title='bbox 2349 352 2513 413; x_wconf 84' lang='lat' dir='ltr'>soluti</span> <span class='ocrx_word' id='word_1_51' title='bbox 2549 371 2639 423; x_wconf 87' lang='lat' dir='ltr'>per</span> <span class='ocrx_word' id='word_1_52' title='bbox 2675 352 2909 411; x_wconf 82' lang='lat' dir='ltr'>indebiti</span> <span class='ocrx_word' id='word_1_53' title='bbox 2941 353 3340 413; x_wconf 65' lang='lat' dir='ltr'>condiaionem</span> <span class='ocrx_word' id='word_1_54' title='bbox 3374 371 3431 409; x_wconf 89' lang='lat' dir='ltr'>re</span> 
     </span>
     <span class='ocr_line' id='line_1_7' title="bbox 219 373 3526 492; baseline 0 -15"><span class='ocrx_word' id='word_1_55' title='bbox 219 432 305 478; x_wconf 83' lang='lat' dir='ltr'>tus</span> <span class='ocrx_word' id='word_1_56' title='bbox 341 425 403 476; x_wconf 86' lang='lat' dir='ltr'>in</span> <span class='ocrx_word' id='word_1_57' title='bbox 440 417 687 478; x_wconf 77' lang='lat' dir='ltr'>fraudem</span> <span class='ocrx_word' id='word_1_58' title='bbox 737 422 956 491; x_wconf 87' lang='lat' dir='ltr'>patroni</span> <span class='ocrx_word' id='word_1_59' title='bbox 989 415 1345 476; x_wconf 76' lang='lat' dir='ltr'>filiofamilias</span> <span class='ocrx_word' id='word_1_60' title='bbox 1398 416 1702 489; x_wconf 76' lang='lat' dir='ltr'>majorenni</span> <span class='ocrx_word' id='word_1_61' title='bbox 1755 431 1845 490; x_wconf 81' lang='lat' dir='ltr'>pe-</span> <span class='ocrx_word' id='word_1_62' title='bbox 1902 421 2031 477; x_wconf 90' lang='lat' dir='ltr'>titio</span> <span class='ocrx_word' id='word_1_63' title='bbox 2082 433 2205 489; x_wconf 66' lang='lat' dir='ltr'>ests</span> <span class='ocrx_word' id='word_1_64' title='bbox 2257 439 2323 481; x_wconf 87' lang='lat' dir='ltr'>eo</span> <span class='ocrx_word' id='word_1_65' title='bbox 2357 424 2498 491; x_wconf 85' lang='lat' dir='ltr'>quod</span> <span class='ocrx_word' id='word_1_66' title='bbox 2532 422 2643 481; x_wconf 76' lang='lat' dir='ltr'>haec</span> <span class='ocrx_word' id='word_1_67' title='bbox 2678 420 3062 482; x_wconf 85' lang='lat' dir='ltr'>Macedoniani</span> <span class='ocrx_word' id='word_1_68' title='bbox 3118 429 3362 492; x_wconf 78' lang='lat' dir='ltr'>exceptio</span> <span class='ocrx_word' id='word_1_69' title='bbox 3415 373 3526 479; x_wconf 54' lang='lat' dir='ltr'>iffi-³</span> 
     </span>
    </p>
   </div>
   <div class='ocr_carea' id='block_1_5' title="bbox 215 488 1527 631">
    <p class='ocr_par' dir='ltr' id='par_1_5' title="bbox 215 488 1527 631">
     <span class='ocr_line' id='line_1_8' title="bbox 215 488 1466 560; baseline -0.002 -14"><span class='ocrx_word' id='word_1_70' title='bbox 215 492 442 552; x_wconf 75' lang='lat' dir='ltr'>cuniam</span> <span class='ocrx_word' id='word_1_71' title='bbox 476 492 800 560; x_wconf 77' lang='lat' dir='ltr'>crediderit,</span> <span class='ocrx_word' id='word_1_72' title='bbox 835 488 922 547; x_wconf 85' lang='lat' dir='ltr'>vel</span> <span class='ocrx_word' id='word_1_73' title='bbox 951 490 1121 546; x_wconf 88' lang='lat' dir='ltr'>etiam</span> <span class='ocrx_word' id='word_1_74' title='bbox 1154 493 1466 546; x_wconf 85' lang='lat' dir='ltr'>minorenni</span> 
     </span>
     <span class='ocr_line' id='line_1_9' title="bbox 221 531 1527 631; baseline -0.005 -11"><span class='ocrx_word' id='word_1_75' title='bbox 221 562 395 620; x_wconf 74' lang='lat' dir='ltr'>atatis</span> <span class='ocrx_word' id='word_1_76' title='bbox 429 559 646 617; x_wconf 72' lang='lat' dir='ltr'>auxilio</span> <span class='ocrx_word' id='word_1_77' title='bbox 679 559 1000 618; x_wconf 80' lang='lat' dir='ltr'>subventum</span> <span class='ocrx_word' id='word_1_78' title='bbox 1037 576 1150 615; x_wconf 89' lang='lat' dir='ltr'>non</span> <span class='ocrx_word' id='word_1_79' title='bbox 1181 574 1302 626; x_wconf 84' lang='lat' dir='ltr'>est3</span> <span class='ocrx_word' id='word_1_80' title='bbox 1337 561 1464 631; x_wconf 83' lang='lat' dir='ltr'>quia</span> <span class='ocrx_word' id='word_1_81' title='bbox 1484 531 1527 616; x_wconf 70' lang='lat' dir='ltr'>li</span> 
     </span>
    </p>
   </div>
   <div class='ocr_carea' id='block_1_6' title="bbox 1532 489 3578 632">
    <p class='ocr_par' dir='ltr' id='par_1_6' title="bbox 1532 489 3578 632">
     <span class='ocr_line' id='line_1_10' title="bbox 1556 489 3578 564; baseline 0.001 -19"><span class='ocrx_word' id='word_1_82' title='bbox 1556 490 1762 562; x_wconf 88' lang='lat' dir='ltr'>quoties</span> <span class='ocrx_word' id='word_1_83' title='bbox 1794 489 1846 546; x_wconf 89' lang='lat' dir='ltr'>ei</span> <span class='ocrx_word' id='word_1_84' title='bbox 1902 491 2256 550; x_wconf 85' lang='lat' dir='ltr'>adnumerata</span> <span class='ocrx_word' id='word_1_85' title='bbox 2292 489 2434 564; x_wconf 91' lang='lat' dir='ltr'>suit,</span> <span class='ocrx_word' id='word_1_86' title='bbox 2470 510 2583 562; x_wconf 75' lang='lat' dir='ltr'>quae</span> <span class='ocrx_word' id='word_1_87' title='bbox 2622 493 2684 549; x_wconf 90' lang='lat' dir='ltr'>in</span> <span class='ocrx_word' id='word_1_88' title='bbox 2709 496 2895 551; x_wconf 89' lang='lat' dir='ltr'>odium</span> <span class='ocrx_word' id='word_1_89' title='bbox 2929 491 3078 563; x_wconf 78' lang='lat' dir='ltr'>ejus,</span> <span class='ocrx_word' id='word_1_90' title='bbox 3131 494 3222 549; x_wconf 93' lang='lat' dir='ltr'>cui</span> <span class='ocrx_word' id='word_1_91' title='bbox 3255 492 3522 563; x_wconf 87' lang='lat' dir='ltr'>debetur,</span> <span class='ocrx_word' id='word_1_92' title='bbox 3575 523 3578 532; x_wconf 80' lang='lat'><strong>·</strong></span> 
     </span>
     <span class='ocr_line' id='line_1_11' title="bbox 1532 556 3523 632; baseline 0.002 -18"><span class='ocrx_word' id='word_1_93' title='bbox 1532 557 1714 619; x_wconf 86' lang='lat' dir='ltr'>bertus</span> <span class='ocrx_word' id='word_1_94' title='bbox 1748 559 1852 616; x_wconf 52' lang='lat' dir='ltr'>do*</span> <span class='ocrx_word' id='word_1_95' title='bbox 1902 556 2133 619; x_wconf 62' lang='lat' dir='ltr'>induas</span> <span class='ocrx_word' id='word_1_96' title='bbox 2167 562 2341 632; x_wconf 87' lang='lat' dir='ltr'>ipsum</span> <span class='ocrx_word' id='word_1_97' title='bbox 2375 580 2487 620; x_wconf 89' lang='lat' dir='ltr'>non</span> <span class='ocrx_word' id='word_1_98' title='bbox 2525 566 2799 631; x_wconf 87' lang='lat' dir='ltr'>perimunt</span> <span class='ocrx_word' id='word_1_99' title='bbox 2833 562 3114 620; x_wconf 81' lang='lat' dir='ltr'>vinculum</span> <span class='ocrx_word' id='word_1_100' title='bbox 3149 562 3413 618; x_wconf 88' lang='lat' dir='ltr'>naturalis</span> <span class='ocrx_word' id='word_1_101' title='bbox 3458 578 3523 618; x_wconf 83' lang='lat' dir='ltr'>o-</span> 
     </span>
    </p>
   </div>
   <div class='ocr_carea' id='block_1_7' title="bbox 223 625 3533 757">
    <p class='ocr_par' dir='ltr' id='par_1_7' title="bbox 223 625 3533 757">
     <span class='ocr_line' id='line_1_12' title="bbox 223 625 3533 757; baseline 0.001 -72"><span class='ocrx_word' id='word_1_102' title='bbox 223 647 377 688; x_wconf 83' lang='lat' dir='ltr'>nasse</span> <span class='ocrx_word' id='word_1_103' title='bbox 411 635 588 702; x_wconf 85' lang='lat' dir='ltr'>magis</span> <span class='ocrx_word' id='word_1_104' title='bbox 620 630 726 687; x_wconf 89' lang='lat' dir='ltr'>hoc</span> <span class='ocrx_word' id='word_1_105' title='bbox 759 648 888 688; x_wconf 88' lang='lat' dir='ltr'>casu</span> <span class='ocrx_word' id='word_1_106' title='bbox 920 632 980 685; x_wconf 90' lang='lat' dir='ltr'>in</span> <span class='ocrx_word' id='word_1_107' title='bbox 1003 625 1248 688; x_wconf 88' lang='lat' dir='ltr'>fraudem</span> <span class='ocrx_word' id='word_1_108' title='bbox 1283 632 1498 697; x_wconf 87' lang='lat' dir='ltr'>patroni</span> <span class='ocrx_word' id='word_1_109' title='bbox 1534 628 1844 700; x_wconf 84' lang='lat' dir='ltr'>intelligen·</span> <span class='ocrx_word' id='word_1_110' title='bbox 1901 627 2594 757; x_wconf 47' lang='lat' dir='ltr'>bligationisfoinhibentis</span> <span class='ocrx_word' id='word_1_111' title='bbox 2632 631 2956 704; x_wconf 84' lang='lat' dir='ltr'>plerumque</span> <span class='ocrx_word' id='word_1_112' title='bbox 3007 631 3172 689; x_wconf 88' lang='lat' dir='ltr'>soluti</span> <span class='ocrx_word' id='word_1_113' title='bbox 3217 628 3533 700; x_wconf 51' lang='lat' dir='ltr'>condietior</span> 
     </span>
    </p>
   </div>
   <div class='ocr_carea' id='block_1_8' title="bbox 217 698 2854 845">
    <p class='ocr_par' dir='ltr' id='par_1_8' title="bbox 217 698 2854 845">
     <span class='ocr_line' id='line_1_13' title="bbox 217 698 2187 773; baseline 0 -16"><span class='ocrx_word' id='word_1_114' title='bbox 217 700 322 757; x_wconf 81' lang='lat' dir='ltr'>dus</span> <span class='ocrx_word' id='word_1_115' title='bbox 357 713 484 769; x_wconf 85' lang='lat' dir='ltr'>est,</span> <span class='ocrx_word' id='word_1_116' title='bbox 535 717 698 773; x_wconf 86' lang='lat' dir='ltr'>quam</span> <span class='ocrx_word' id='word_1_117' title='bbox 731 713 921 757; x_wconf 89' lang='lat' dir='ltr'>contra</span> <span class='ocrx_word' id='word_1_118' title='bbox 955 698 1478 759; x_wconf 73' lang='lat' dir='ltr'><strong>senatusconsultum</strong></span> <span class='ocrx_word' id='word_1_119' title='bbox 1528 699 1843 769; x_wconf 72' lang='lat' dir='ltr'>credidisse,</span> <span class='ocrx_word' id='word_1_120' title='bbox 1901 714 2047 771; x_wconf 86' lang='lat' dir='ltr'>nem,</span> <span class='ocrx_word' id='word_1_121' title='bbox 2082 702 2187 757; x_wconf 88' lang='lat' dir='ltr'>nisi</span> 
     </span>
     <span class='ocr_line' id='line_1_14' title="bbox 221 764 2854 845; baseline 0 -18"><span class='ocrx_word' id='word_1_122' title='bbox 221 771 254 827; x_wconf 87' lang='grc' dir='ltr'>Ι-</span> <span class='ocrx_word' id='word_1_123' title='bbox 293 770 344 824; x_wconf 79' lang='lat' dir='ltr'>si</span> <span class='ocrx_word' id='word_1_124' title='bbox 379 768 602 827; x_wconf 73' lang='lat' dir='ltr'>libertus</span> <span class='ocrx_word' id='word_1_125' title='bbox 633 767 690 827; x_wconf 87' lang='grc'>6.</span> <span class='ocrx_word' id='word_1_126' title='bbox 726 769 763 826; x_wconf 87' lang='lat' dir='ltr'>l.</span> <span class='ocrx_word' id='word_1_127' title='bbox 801 784 855 841; x_wconf 97' lang='lat'><strong>7.</strong></span> <span class='ocrx_word' id='word_1_128' title='bbox 894 769 930 825; x_wconf 78' lang='lat' dir='ltr'>l.</span> <span class='ocrx_word' id='word_1_129' title='bbox 965 771 1017 827; x_wconf 81' lang='grc' dir='ltr'>ὅ.</span> <span class='ocrx_word' id='word_1_130' title='bbox 1051 764 1115 837; x_wconf 78' lang='lat' dir='ltr'>ff.</span> <span class='ocrx_word' id='word_1_131' title='bbox 1154 770 1202 824; x_wconf 75' lang='lat' dir='ltr'>si</span> <span class='ocrx_word' id='word_1_132' title='bbox 1235 768 1368 839; x_wconf 77' lang='lat' dir='ltr'>quid</span> <span class='ocrx_word' id='word_1_133' title='bbox 1394 773 1451 825; x_wconf 73' lang='lat' dir='ltr'>in</span> <span class='ocrx_word' id='word_1_134' title='bbox 1509 767 1732 826; x_wconf 78' lang='lat' dir='ltr'>raudem</span> <span class='ocrx_word' id='word_1_135' title='bbox 1749 783 1845 837; x_wconf 79' lang='lat' dir='ltr'>pa·-</span> <span class='ocrx_word' id='word_1_136' title='bbox 1898 771 1990 840; x_wconf 90' lang='lat' dir='ltr'>sit,</span> <span class='ocrx_word' id='word_1_137' title='bbox 2024 770 2057 826; x_wconf 92' lang='grc' dir='ltr'>Ι.</span> <span class='ocrx_word' id='word_1_138' title='bbox 2095 773 2226 827; x_wconf 71' lang='lat' dir='ltr'>item</span> <span class='ocrx_word' id='word_1_139' title='bbox 2262 772 2311 826; x_wconf 76' lang='lat' dir='ltr'>si</span> <span class='ocrx_word' id='word_1_140' title='bbox 2326 769 2526 841; x_wconf 67' lang='lat' dir='ltr'>file’ufi</span> <span class='ocrx_word' id='word_1_141' title='bbox 2564 787 2615 842; x_wconf 89' lang='lat'>7.</span> <span class='ocrx_word' id='word_1_142' title='bbox 2651 765 2705 845; x_wconf 81' lang='lat'><strong>§.</strong></span> <span class='ocrx_word' id='word_1_143' title='bbox 2737 787 2854 841; x_wconf 73' lang='lat' dir='ltr'>pen.</span> 
     </span>
    </p>
   </div>
   <div class='ocr_carea' id='block_1_9' title="bbox 2282 700 3522 771">
    <p class='ocr_par' dir='ltr' id='par_1_9' title="bbox 2282 700 3522 771">
     <span class='ocr_line' id='line_1_15' title="bbox 2282 700 3522 771; baseline -0.001 -15"><span class='ocrx_word' id='word_1_144' title='bbox 2282 713 2365 758; x_wconf 89' lang='lat' dir='ltr'>rte</span> <span class='ocrx_word' id='word_1_145' title='bbox 2402 719 2436 759; x_wconf 85' lang='lat' dir='ltr'>a</span> <span class='ocrx_word' id='word_1_146' title='bbox 2470 713 2720 758; x_wconf 82' lang='lat' dir='ltr'>curatore</span> <span class='ocrx_word' id='word_1_147' title='bbox 2754 720 2848 771; x_wconf 87' lang='lat' dir='ltr'>per</span> <span class='ocrx_word' id='word_1_148' title='bbox 2882 709 2898 757; x_wconf 91' lang='lat' dir='ltr'>i</span> <span class='ocrx_word' id='word_1_149' title='bbox 2940 704 3253 758; x_wconf 87' lang='lat' dir='ltr'>norantiam</span> <span class='ocrx_word' id='word_1_150' title='bbox 3286 700 3522 758; x_wconf 87' lang='lat' dir='ltr'>solutum</span> 
     </span>
    </p>
   </div>
   <div class='ocr_carea' id='block_1_10' title="bbox 2994 765 3516 844">
    <p class='ocr_par' dir='ltr' id='par_1_10' title="bbox 2994 765 3516 844">
     <span class='ocr_line' id='line_1_16' title="bbox 2994 765 3516 844; baseline -0.002 -17"><span class='ocrx_word' id='word_1_151' title='bbox 2994 767 3099 827; x_wconf 66' lang='lat' dir='ltr'>ult)</span> <span class='ocrx_word' id='word_1_152' title='bbox 3134 773 3170 826; x_wconf 81' lang='grc' dir='ltr'>Ι.</span> <span class='ocrx_word' id='word_1_153' title='bbox 3206 769 3257 828; x_wconf 85' lang='grc'>8.</span> <span class='ocrx_word' id='word_1_154' title='bbox 3295 774 3332 829; x_wconf 89' lang='lat' dir='ltr'>l.</span> <span class='ocrx_word' id='word_1_155' title='bbox 3371 783 3424 844; x_wconf 89' lang='lat'><strong>9.</strong></span> <span class='ocrx_word' id='word_1_156' title='bbox 3460 765 3516 844; x_wconf 59' lang='grc' dir='ltr'>ᾗ.</span> 
     </span>
    </p>
   </div>
   <div class='ocr_carea' id='block_1_11' title="bbox 216 834 3521 912">
    <p class='ocr_par' dir='ltr' id='par_1_11' title="bbox 216 834 3521 912">
     <span class='ocr_line' id='line_1_17' title="bbox 216 834 3521 912; baseline 0.001 -18"><span class='ocrx_word' id='word_1_157' title='bbox 216 841 396 896; x_wconf 74' lang='lat' dir='ltr'>troni.</span> <span class='ocrx_word' id='word_1_158' title='bbox 449 835 620 910; x_wconf 80' lang='lat' dir='ltr'>Quod</span> <span class='ocrx_word' id='word_1_159' title='bbox 656 836 837 896; x_wconf 82' lang='lat' dir='ltr'>forsan</span> <span class='ocrx_word' id='word_1_160' title='bbox 871 842 928 898; x_wconf 68' lang='grc' dir='ltr'>ἃ</span> <span class='ocrx_word' id='word_1_161' title='bbox 964 839 1035 897; x_wconf 89' lang='lat' dir='ltr'>ad</span> <span class='ocrx_word' id='word_1_162' title='bbox 1070 836 1204 895; x_wconf 86' lang='lat' dir='ltr'>alios</span> <span class='ocrx_word' id='word_1_163' title='bbox 1237 845 1296 894; x_wconf 88' lang='lat' dir='ltr'>in</span> <span class='ocrx_word' id='word_1_164' title='bbox 1331 834 1414 893; x_wconf 87' lang='lat' dir='ltr'>fra</span> <span class='ocrx_word' id='word_1_165' title='bbox 1490 856 1578 896; x_wconf 88' lang='lat' dir='ltr'>em</span> <span class='ocrx_word' id='word_1_166' title='bbox 1611 838 1844 897; x_wconf 89' lang='lat' dir='ltr'>credito-</span> <span class='ocrx_word' id='word_1_167' title='bbox 1895 854 2015 910; x_wconf 60' lang='lat' dir='ltr'>pen.</span> <span class='ocrx_word' id='word_1_168' title='bbox 2049 838 2116 902; x_wconf 64' lang='grc' dir='ltr'>Θ</span> <span class='ocrx_word' id='word_1_169' title='bbox 2151 842 2248 897; x_wconf 73' lang='lat' dir='ltr'>ult.</span> <span class='ocrx_word' id='word_1_170' title='bbox 2287 839 2323 895; x_wconf 90' lang='lat' dir='ltr'>l.</span> <span class='ocrx_word' id='word_1_171' title='bbox 2367 859 2448 898; x_wconf 86' lang='lat'><strong>10.</strong></span> <span class='ocrx_word' id='word_1_172' title='bbox 2476 838 2549 910; x_wconf 70' lang='lat' dir='ltr'>ff]</span> <span class='ocrx_word' id='word_1_173' title='bbox 2581 838 2635 897; x_wconf 75' lang='lat' dir='ltr'>h.</span> <span class='ocrx_word' id='word_1_174' title='bbox 2670 857 2711 897; x_wconf 85' lang='lat' dir='ltr'>t.</span> <span class='ocrx_word' id='word_1_175' title='bbox 2749 842 2785 897; x_wconf 89' lang='grc' dir='ltr'>Ι.</span> <span class='ocrx_word' id='word_1_176' title='bbox 2823 844 2871 896; x_wconf 75' lang='lat' dir='ltr'>si</span> <span class='ocrx_word' id='word_1_177' title='bbox 2936 859 3052 898; x_wconf 76' lang='lat' dir='ltr'>oenae</span> <span class='ocrx_word' id='word_1_178' title='bbox 3094 853 3176 911; x_wconf 79' lang='lat'><strong>19.</strong></span> <span class='ocrx_word' id='word_1_179' title='bbox 3230 841 3266 896; x_wconf 92' lang='grc' dir='ltr'>Ι.</span> <span class='ocrx_word' id='word_1_180' title='bbox 3304 845 3394 912; x_wconf 81' lang='lat' dir='ltr'>qui</span> <span class='ocrx_word' id='word_1_181' title='bbox 3429 860 3521 897; x_wconf 82' lang='lat' dir='ltr'>ex-</span> 
     </span>
    </p>
   </div>
   <div class='ocr_carea' id='block_1_12' title="bbox 201 905 1846 2722">
    <p class='ocr_par' dir='ltr' id='par_1_12' title="bbox 201 905 1846 2722">
     <span class='ocr_line' id='line_1_18' title="bbox 217 905 1846 981; baseline 0 -16"><span class='ocrx_word' id='word_1_182' title='bbox 217 925 339 965; x_wconf 84' lang='lat' dir='ltr'>rum</span> <span class='ocrx_word' id='word_1_183' title='bbox 373 922 628 967; x_wconf 81' lang='lat' dir='ltr'>mutuum</span> <span class='ocrx_word' id='word_1_184' title='bbox 664 905 1014 966; x_wconf 80' lang='lat' dir='ltr'>filiofamilias</span> <span class='ocrx_word' id='word_1_185' title='bbox 1046 907 1239 966; x_wconf 78' lang='lat' dir='ltr'>dantes</span> <span class='ocrx_word' id='word_1_186' title='bbox 1291 910 1672 981; x_wconf 86' lang='lat' dir='ltr'>porrigendum</span> <span class='ocrx_word' id='word_1_187' title='bbox 1722 917 1805 965; x_wconf 87' lang='lat' dir='ltr'>est</span> <span class='ocrx_word' id='word_1_188' title='bbox 1820 928 1846 972; x_wconf 82' lang='lat'>‚-</span> 
     </span>
     <span class='ocr_line' id='line_1_19' title="bbox 214 977 1843 1057; baseline -0.004 -21"><span class='ocrx_word' id='word_1_189' title='bbox 214 994 339 1057; x_wconf 61' lang='lat' dir='ltr'>eum</span> <span class='ocrx_word' id='word_1_190' title='bbox 374 996 478 1037; x_wconf 85' lang='lat' dir='ltr'>nec</span> <span class='ocrx_word' id='word_1_191' title='bbox 497 977 755 1048; x_wconf 87' lang='lat' dir='ltr'>pupillari</span> <span class='ocrx_word' id='word_1_192' title='bbox 789 991 921 1037; x_wconf 86' lang='lat' dir='ltr'>tunc</span> <span class='ocrx_word' id='word_1_193' title='bbox 957 980 1107 1035; x_wconf 73' lang='lat' dir='ltr'>atati</span> <span class='ocrx_word' id='word_1_194' title='bbox 1139 992 1410 1048; x_wconf 83' lang='lat' dir='ltr'>parcatur,</span> <span class='ocrx_word' id='word_1_195' title='bbox 1444 982 1498 1038; x_wconf 72' lang='grc' dir='ltr'>ὅ(</span> <span class='ocrx_word' id='word_1_196' title='bbox 1520 992 1700 1036; x_wconf 88' lang='lat' dir='ltr'>tamen</span> <span class='ocrx_word' id='word_1_197' title='bbox 1724 992 1843 1030; x_wconf 90' lang='lat' dir='ltr'>ma-</span> 
     </span>
     <span class='ocr_line' id='line_1_20' title="bbox 216 1045 1840 1121; baseline -0.002 -18"><span class='ocrx_word' id='word_1_198' title='bbox 216 1063 301 1118; x_wconf 76' lang='lat' dir='ltr'>Jor</span> <span class='ocrx_word' id='word_1_199' title='bbox 353 1050 532 1106; x_wconf 69' lang='lat' dir='ltr'>etatis</span> <span class='ocrx_word' id='word_1_200' title='bbox 581 1064 742 1121; x_wconf 84' lang='lat' dir='ltr'>quam</span> <span class='ocrx_word' id='word_1_201' title='bbox 791 1046 1248 1107; x_wconf 80' lang='lat' dir='ltr'>senatusconsulti</span> <span class='ocrx_word' id='word_1_202' title='bbox 1299 1054 1441 1105; x_wconf 87' lang='lat' dir='ltr'>ratio</span> <span class='ocrx_word' id='word_1_203' title='bbox 1493 1051 1565 1106; x_wconf 85' lang='lat' dir='ltr'>sit</span> <span class='ocrx_word' id='word_1_204' title='bbox 1582 1086 1603 1117; x_wconf 95' lang='lat'>,</span> <span class='ocrx_word' id='word_1_205' title='bbox 1653 1063 1768 1116; x_wconf 86' lang='lat' dir='ltr'>arg.</span> <span class='ocrx_word' id='word_1_206' title='bbox 1804 1045 1840 1101; x_wconf 88' lang='grc' dir='ltr'>Ι.</span> 
     </span>
     <span class='ocr_line' id='line_1_21' title="bbox 212 1112 1840 1192; baseline -0.002 -19"><span class='ocrx_word' id='word_1_207' title='bbox 212 1118 358 1189; x_wconf 71' lang='lat' dir='ltr'>quad</span> <span class='ocrx_word' id='word_1_208' title='bbox 383 1133 577 1174; x_wconf 76' lang='lat' dir='ltr'>autem</span> <span class='ocrx_word' id='word_1_209' title='bbox 630 1119 684 1176; x_wconf 90' lang='grc'>6.</span> <span class='ocrx_word' id='word_1_210' title='bbox 719 1112 775 1192; x_wconf 83' lang='lat'><strong>§.</strong></span> <span class='ocrx_word' id='word_1_211' title='bbox 808 1121 856 1175; x_wconf 66' lang='lat' dir='ltr'>ri</span> <span class='ocrx_word' id='word_1_212' title='bbox 887 1118 1022 1189; x_wconf 73' lang='lat' dir='ltr'>quid</span> <span class='ocrx_word' id='word_1_213' title='bbox 1046 1137 1171 1174; x_wconf 80' lang='lat' dir='ltr'>cum</span> <span class='ocrx_word' id='word_1_214' title='bbox 1212 1132 1290 1180; x_wconf 67' lang='grc' dir='ltr'><strong><em>ιο.</em></strong></span> <span class='ocrx_word' id='word_1_215' title='bbox 1313 1113 1389 1187; x_wconf 81' lang='lat' dir='ltr'><em>ffi</em></span> <span class='ocrx_word' id='word_1_216' title='bbox 1420 1136 1531 1190; x_wconf 68' lang='lat' dir='ltr'>qua</span> <span class='ocrx_word' id='word_1_217' title='bbox 1565 1119 1624 1173; x_wconf 78' lang='lat' dir='ltr'>in</span> <span class='ocrx_word' id='word_1_218' title='bbox 1642 1112 1840 1190; x_wconf 76' lang='lat' dir='ltr'>fraud.</span> 
     </span>
     <span class='ocr_line' id='line_1_22' title="bbox 213 1178 1842 1259; baseline -0.003 -15"><span class='ocrx_word' id='word_1_219' title='bbox 213 1185 355 1244; x_wconf 76' lang='lat' dir='ltr'>md.</span> <span class='ocrx_word' id='word_1_220' title='bbox 372 1185 549 1259; x_wconf 64' lang='lat' dir='ltr'><em>sabla</em></span> <span class='ocrx_word' id='word_1_221' title='bbox 583 1203 710 1256; x_wconf 65' lang='lat' dir='ltr'>sunt</span> <span class='ocrx_word' id='word_1_222' title='bbox 745 1206 805 1246; x_wconf 75' lang='lat' dir='ltr'>at</span> <span class='ocrx_word' id='word_1_223' title='bbox 838 1187 1009 1254; x_wconf 69' lang='lat' dir='ltr'>restit.</span> <span class='ocrx_word' id='word_1_224' title='bbox 1052 1183 1214 1252; x_wconf 65' lang='lat' dir='ltr'>iun&amp;</span> <span class='ocrx_word' id='word_1_225' title='bbox 1254 1188 1290 1242; x_wconf 92' lang='grc' dir='ltr'>Ι.</span> <span class='ocrx_word' id='word_1_226' title='bbox 1325 1207 1514 1244; x_wconf 74' lang='lat' dir='ltr'>verum</span> <span class='ocrx_word' id='word_1_227' title='bbox 1558 1204 1640 1242; x_wconf 82' lang='lat' dir='ltr'><strong>n.</strong></span> <span class='ocrx_word' id='word_1_228' title='bbox 1675 1178 1842 1259; x_wconf 58' lang='lat' dir='ltr'>§.ula</span> 
     </span>
     <span class='ocr_line' id='line_1_23' title="bbox 201 1253 1844 1329; baseline -0.001 -17"><span class='ocrx_word' id='word_1_229' title='bbox 201 1253 276 1329; x_wconf 75' lang='lat' dir='ltr'><em>ffi</em></span> <span class='ocrx_word' id='word_1_230' title='bbox 307 1257 377 1312; x_wconf 76' lang='lat' dir='ltr'>de</span> <span class='ocrx_word' id='word_1_231' title='bbox 411 1262 607 1315; x_wconf 56' lang='lat' dir='ltr'>maror.</span> <span class='ocrx_word' id='word_1_232' title='bbox 645 1256 734 1314; x_wconf 79' lang='lat'><strong>25.</strong></span> <span class='ocrx_word' id='word_1_233' title='bbox 769 1263 931 1316; x_wconf 67' lang='lat' dir='ltr'>annis·</span> <span class='ocrx_word' id='word_1_234' title='bbox 952 1297 970 1314; x_wconf 83' lang='lat'><strong>.</strong></span> <span class='ocrx_word' id='word_1_235' title='bbox 1007 1255 1128 1316; x_wconf 88' lang='lat' dir='ltr'>Nec</span> <span class='ocrx_word' id='word_1_236' title='bbox 1161 1263 1339 1313; x_wconf 87' lang='lat' dir='ltr'>minus</span> <span class='ocrx_word' id='word_1_237' title='bbox 1371 1254 1655 1326; x_wconf 82' lang='lat' dir='ltr'>reprobata</span> <span class='ocrx_word' id='word_1_238' title='bbox 1688 1271 1844 1315; x_wconf 88' lang='lat' dir='ltr'>sena-</span> 
     </span>
     <span class='ocr_line' id='line_1_24' title="bbox 212 1323 1844 1399; baseline -0.005 -12"><span class='ocrx_word' id='word_1_239' title='bbox 212 1327 540 1387; x_wconf 68' lang='lat' dir='ltr'>tusconsulti</span> <span class='ocrx_word' id='word_1_240' title='bbox 576 1325 826 1387; x_wconf 83' lang='lat' dir='ltr'>definitio</span> <span class='ocrx_word' id='word_1_241' title='bbox 860 1341 965 1399; x_wconf 86' lang='lat' dir='ltr'>est,</span> <span class='ocrx_word' id='word_1_242' title='bbox 1000 1334 1310 1384; x_wconf 86' lang='lat' dir='ltr'>simutuum</span> <span class='ocrx_word' id='word_1_243' title='bbox 1331 1323 1683 1383; x_wconf 81' lang='lat' dir='ltr'>filiofamiIias</span> <span class='ocrx_word' id='word_1_244' title='bbox 1719 1341 1844 1394; x_wconf 84' lang='lat' dir='ltr'>pro-</span> 
     </span>
     <span class='ocr_line' id='line_1_25' title="bbox 213 1393 1841 1469; baseline -0.002 -15"><span class='ocrx_word' id='word_1_245' title='bbox 213 1400 439 1456; x_wconf 84' lang='lat' dir='ltr'>missum</span> <span class='ocrx_word' id='word_1_246' title='bbox 474 1399 690 1467; x_wconf 84' lang='lat' dir='ltr'>quidem</span> <span class='ocrx_word' id='word_1_247' title='bbox 723 1399 820 1469; x_wconf 90' lang='lat' dir='ltr'>sit,</span> <span class='ocrx_word' id='word_1_248' title='bbox 855 1401 874 1453; x_wconf 91' lang='lat' dir='ltr'>i</span> <span class='ocrx_word' id='word_1_249' title='bbox 1001 1417 1066 1455; x_wconf 89' lang='lat' dir='ltr'>ue</span> <span class='ocrx_word' id='word_1_250' title='bbox 1096 1416 1189 1465; x_wconf 87' lang='lat' dir='ltr'>spe</span> <span class='ocrx_word' id='word_1_251' title='bbox 1217 1393 1407 1456; x_wconf 63' lang='lat' dir='ltr'>futura</span> <span class='ocrx_word' id='word_1_252' title='bbox 1444 1395 1841 1454; x_wconf 85' lang='lat' dir='ltr'>numerationis</span> 
     </span>
     <span class='ocr_line' id='line_1_26' title="bbox 213 1419 1841 1526; baseline -0.004 0"><span class='ocrx_word' id='word_1_253' title='bbox 213 1469 283 1526; x_wconf 80' lang='lat' dir='ltr'>ad</span> <span class='ocrx_word' id='word_1_254' title='bbox 317 1473 728 1526; x_wconf 88' lang='lat' dir='ltr'>restitutionem</span> <span class='ocrx_word' id='word_1_255' title='bbox 760 1486 818 1525; x_wconf 64' lang='grc' dir='ltr'><strong>ω</strong></span> <span class='ocrx_word' id='word_1_256' title='bbox 850 1419 1158 1526; x_wconf 70' lang='lat' dir='ltr'>devinxerit</span> <span class='ocrx_word' id='word_1_257' title='bbox 1209 1467 1470 1524; x_wconf 77' lang='lat' dir='ltr'>creditori</span> <span class='ocrx_word' id='word_1_258' title='bbox 1523 1464 1712 1522; x_wconf 74' lang='lat' dir='ltr'>tuturo</span> <span class='ocrx_word' id='word_1_259' title='bbox 1743 1468 1841 1520; x_wconf 87' lang='lat' dir='ltr'>sti·</span> 
     </span>
     <span class='ocr_line' id='line_1_27' title="bbox 214 1530 1841 1608; baseline -0.001 -14"><span class='ocrx_word' id='word_1_260' title='bbox 214 1537 448 1608; x_wconf 68' lang='lat' dir='ltr'>palanti,</span> <span class='ocrx_word' id='word_1_261' title='bbox 482 1538 578 1596; x_wconf 84' lang='lat' dir='ltr'>sed</span> <span class='ocrx_word' id='word_1_262' title='bbox 602 1537 890 1596; x_wconf 82' lang='lat' dir='ltr'>eidemum</span> <span class='ocrx_word' id='word_1_263' title='bbox 926 1533 1301 1606; x_wconf 82' lang='lat' dir='ltr'>patrifamilias</span> <span class='ocrx_word' id='word_1_264' title='bbox 1335 1548 1684 1593; x_wconf 87' lang='lat' dir='ltr'>numeratum</span> <span class='ocrx_word' id='word_1_265' title='bbox 1724 1530 1841 1592; x_wconf 89' lang='lat' dir='ltr'>fue·</span> 
     </span>
     <span class='ocr_line' id='line_1_28' title="bbox 218 1603 1840 1678; baseline -0.002 -14"><span class='ocrx_word' id='word_1_266' title='bbox 218 1608 331 1673; x_wconf 79' lang='lat' dir='ltr'>rit3</span> <span class='ocrx_word' id='word_1_267' title='bbox 363 1611 499 1678; x_wconf 80' lang='lat' dir='ltr'>quia</span> <span class='ocrx_word' id='word_1_268' title='bbox 517 1607 764 1677; x_wconf 76' lang='lat' dir='ltr'>expletur</span> <span class='ocrx_word' id='word_1_269' title='bbox 795 1613 1174 1666; x_wconf 86' lang='lat' dir='ltr'>numeratione</span> <span class='ocrx_word' id='word_1_270' title='bbox 1206 1604 1515 1663; x_wconf 84' lang='lat' dir='ltr'>substantia</span> <span class='ocrx_word' id='word_1_271' title='bbox 1546 1604 1662 1662; x_wconf 91' lang='lat' dir='ltr'>obli</span> <span class='ocrx_word' id='word_1_272' title='bbox 1699 1603 1840 1660; x_wconf 90' lang='lat' dir='ltr'>atio-</span> 
     </span>
     <span class='ocr_line' id='line_1_29' title="bbox 216 1670 1838 1749; baseline -0.002 -17"><span class='ocrx_word' id='word_1_273' title='bbox 216 1684 315 1749; x_wconf 71' lang='lat' dir='ltr'>nis,</span> <span class='ocrx_word' id='word_1_274' title='bbox 349 1677 389 1733; x_wconf 85' lang='grc' dir='ltr'>Ι.</span> <span class='ocrx_word' id='word_1_275' title='bbox 431 1677 483 1734; x_wconf 71' lang='lat' dir='ltr'>si</span> <span class='ocrx_word' id='word_1_276' title='bbox 518 1681 635 1748; x_wconf 79' lang='lat' dir='ltr'>quis</span> <span class='ocrx_word' id='word_1_277' title='bbox 700 1675 920 1742; x_wconf 62' lang='lat' dir='ltr'>att-ems}</span> <span class='ocrx_word' id='word_1_278' title='bbox 954 1673 1006 1733; x_wconf 83' lang='grc'>5.</span> <span class='ocrx_word' id='word_1_279' title='bbox 1042 1670 1097 1749; x_wconf 79' lang='lat'><strong>§.</strong></span> <span class='ocrx_word' id='word_1_280' title='bbox 1135 1675 1232 1733; x_wconf 82' lang='lat' dir='ltr'>ult.</span> <span class='ocrx_word' id='word_1_281' title='bbox 1267 1675 1307 1731; x_wconf 87' lang='lat' dir='ltr'><strong>l.</strong></span> <span class='ocrx_word' id='word_1_282' title='bbox 1343 1673 1396 1744; x_wconf 75' lang='grc'>4.</span> <span class='ocrx_word' id='word_1_283' title='bbox 1432 1674 1485 1732; x_wconf 87' lang='grc'>5.</span> <span class='ocrx_word' id='word_1_284' title='bbox 1520 1672 1572 1732; x_wconf 90' lang='grc'>6.</span> <span class='ocrx_word' id='word_1_285' title='bbox 1661 1715 1673 1729; x_wconf 91' lang='grc'>.</span> <span class='ocrx_word' id='word_1_286' title='bbox 1710 1673 1761 1731; x_wconf 84' lang='lat' dir='ltr'>b·</span> <span class='ocrx_word' id='word_1_287' title='bbox 1797 1689 1838 1731; x_wconf 81' lang='lat' dir='ltr'>t.</span> 
     </span>
     <span class='ocr_line' id='line_1_30' title="bbox 209 1743 1840 1818; baseline -0.004 -14"><span class='ocrx_word' id='word_1_288' title='bbox 209 1746 291 1804; x_wconf 85' lang='lat' dir='ltr'>Ut</span> <span class='ocrx_word' id='word_1_289' title='bbox 325 1751 423 1818; x_wconf 69' lang='grc' dir='ltr'>δε,</span> <span class='ocrx_word' id='word_1_290' title='bbox 457 1747 511 1806; x_wconf 87' lang='lat' dir='ltr'>si</span> <span class='ocrx_word' id='word_1_291' title='bbox 546 1748 667 1816; x_wconf 83' lang='lat' dir='ltr'>pup’</span> <span class='ocrx_word' id='word_1_292' title='bbox 713 1765 776 1803; x_wconf 88' lang='lat' dir='ltr'>us</span> <span class='ocrx_word' id='word_1_293' title='bbox 809 1762 1059 1804; x_wconf 89' lang='lat' dir='ltr'>mutuum</span> <span class='ocrx_word' id='word_1_294' title='bbox 1092 1745 1322 1817; x_wconf 81' lang='lat' dir='ltr'>dederit,</span> <span class='ocrx_word' id='word_1_295' title='bbox 1357 1758 1449 1802; x_wconf 86' lang='lat' dir='ltr'>aut</span> <span class='ocrx_word' id='word_1_296' title='bbox 1484 1745 1665 1801; x_wconf 88' lang='lat' dir='ltr'>minor</span> <span class='ocrx_word' id='word_1_297' title='bbox 1685 1783 1704 1813; x_wconf 93' lang='lat'>,</span> <span class='ocrx_word' id='word_1_298' title='bbox 1737 1743 1840 1797; x_wconf 90' lang='lat' dir='ltr'>im-</span> 
     </span>
     <span class='ocr_line' id='line_1_31' title="bbox 212 1815 1841 1886; baseline -0.002 -13"><span class='ocrx_word' id='word_1_299' title='bbox 212 1831 422 1886; x_wconf 75' lang='lat' dir='ltr'>petrata</span> <span class='ocrx_word' id='word_1_300' title='bbox 457 1815 652 1873; x_wconf 82' lang='lat' dir='ltr'>saltem</span> <span class='ocrx_word' id='word_1_301' title='bbox 683 1828 804 1886; x_wconf 86' lang='lat' dir='ltr'>post</span> <span class='ocrx_word' id='word_1_302' title='bbox 836 1833 1003 1878; x_wconf 67' lang='lat' dir='ltr'>causa</span> <span class='ocrx_word' id='word_1_303' title='bbox 1034 1831 1101 1871; x_wconf 90' lang='lat' dir='ltr'>co</span> <span class='ocrx_word' id='word_1_304' title='bbox 1138 1816 1404 1872; x_wconf 89' lang='lat' dir='ltr'>nitionem</span> <span class='ocrx_word' id='word_1_305' title='bbox 1456 1816 1841 1882; x_wconf 78' lang='lat' dir='ltr'>restitutione,</span> 
     </span>
     <span class='ocr_line' id='line_1_32' title="bbox 212 1883 1841 1946; baseline -0.004 -2"><span class='ocrx_word' id='word_1_306' title='bbox 212 1889 263 1944; x_wconf 82' lang='lat' dir='ltr'>si</span> <span class='ocrx_word' id='word_1_307' title='bbox 297 1886 499 1945; x_wconf 86' lang='lat' dir='ltr'>tutoris</span> <span class='ocrx_word' id='word_1_308' title='bbox 551 1898 650 1943; x_wconf 89' lang='lat' dir='ltr'>aut</span> <span class='ocrx_word' id='word_1_309' title='bbox 706 1893 969 1945; x_wconf 81' lang='lat' dir='ltr'>curatoris</span> <span class='ocrx_word' id='word_1_310' title='bbox 1022 1904 1091 1942; x_wconf 88' lang='lat' dir='ltr'>au</span> <span class='ocrx_word' id='word_1_311' title='bbox 1147 1891 1343 1943; x_wconf 86' lang='lat' dir='ltr'>oritate</span> <span class='ocrx_word' id='word_1_312' title='bbox 1394 1883 1801 1943; x_wconf 83' lang='lat' dir='ltr'>numeraverint</span> <span class='ocrx_word' id='word_1_313' title='bbox 1817 1901 1841 1946; x_wconf 80' lang='lat'>‚-</span> 
     </span>
     <span class='ocr_line' id='line_1_33' title="bbox 211 1955 1838 2030; baseline -0.004 -17"><span class='ocrx_word' id='word_1_314' title='bbox 211 1973 348 2013; x_wconf 80' lang='lat' dir='ltr'>nam</span> <span class='ocrx_word' id='word_1_315' title='bbox 380 1959 434 2015; x_wconf 81' lang='lat' dir='ltr'>si</span> <span class='ocrx_word' id='word_1_316' title='bbox 467 1955 663 2013; x_wconf 85' lang='lat' dir='ltr'>borum</span> <span class='ocrx_word' id='word_1_317' title='bbox 694 1958 895 2030; x_wconf 80' lang='lat' dir='ltr'>deesset</span> <span class='ocrx_word' id='word_1_318' title='bbox 929 1973 1255 2026; x_wconf 84' lang='lat' dir='ltr'>consensus,</span> <span class='ocrx_word' id='word_1_319' title='bbox 1308 1967 1433 2010; x_wconf 87' lang='lat' dir='ltr'>cum</span> <span class='ocrx_word' id='word_1_320' title='bbox 1468 1955 1650 2012; x_wconf 88' lang='lat' dir='ltr'>minor</span> <span class='ocrx_word' id='word_1_321' title='bbox 1682 1969 1838 2012; x_wconf 84' lang='lat' dir='ltr'>cura·-</span> 
     </span>
     <span class='ocr_line' id='line_1_34' title="bbox 209 2021 1839 2099; baseline -0.003 -16"><span class='ocrx_word' id='word_1_322' title='bbox 209 2041 334 2085; x_wconf 89' lang='lat' dir='ltr'>tore</span> <span class='ocrx_word' id='word_1_323' title='bbox 371 2044 488 2083; x_wconf 89' lang='lat' dir='ltr'>non</span> <span class='ocrx_word' id='word_1_324' title='bbox 523 2033 758 2096; x_wconf 82' lang='lat' dir='ltr'>careret,</span> <span class='ocrx_word' id='word_1_325' title='bbox 790 2025 906 2096; x_wconf 85' lang='lat' dir='ltr'>ipso</span> <span class='ocrx_word' id='word_1_326' title='bbox 941 2024 1055 2099; x_wconf 82' lang='lat' dir='ltr'>jure</span> <span class='ocrx_word' id='word_1_327' title='bbox 1088 2026 1241 2083; x_wconf 85' lang='lat' dir='ltr'>datio</span> <span class='ocrx_word' id='word_1_328' title='bbox 1277 2021 1429 2080; x_wconf 88' lang='lat' dir='ltr'>nulla</span> <span class='ocrx_word' id='word_1_329' title='bbox 1465 2021 1607 2084; x_wconf 88' lang='lat' dir='ltr'>foret</span> <span class='ocrx_word' id='word_1_330' title='bbox 1624 2064 1644 2095; x_wconf 91' lang='lat'>,</span> <span class='ocrx_word' id='word_1_331' title='bbox 1679 2037 1839 2081; x_wconf 87' lang='lat' dir='ltr'>num-</span> 
     </span>
     <span class='ocr_line' id='line_1_35' title="bbox 210 2092 1840 2166; baseline -0.003 -15"><span class='ocrx_word' id='word_1_332' title='bbox 210 2101 389 2166; x_wconf 84' lang='lat' dir='ltr'>mique</span> <span class='ocrx_word' id='word_1_333' title='bbox 421 2109 672 2155; x_wconf 82' lang='lat' dir='ltr'>extantes</span> <span class='ocrx_word' id='word_1_334' title='bbox 709 2108 927 2164; x_wconf 80' lang='lat' dir='ltr'>possent</span> <span class='ocrx_word' id='word_1_335' title='bbox 963 2095 1246 2166; x_wconf 84' lang='lat' dir='ltr'>vindicari,</span> <span class='ocrx_word' id='word_1_336' title='bbox 1280 2094 1553 2151; x_wconf 86' lang='lat' dir='ltr'>consumti</span> <span class='ocrx_word' id='word_1_337' title='bbox 1585 2092 1840 2161; x_wconf 82' lang='lat' dir='ltr'>condici,</span> 
     </span>
     <span class='ocr_line' id='line_1_36' title="bbox 212 2162 1839 2234; baseline -0.004 -13"><span class='ocrx_word' id='word_1_338' title='bbox 212 2166 302 2225; x_wconf 78' lang='lat' dir='ltr'>vel</span> <span class='ocrx_word' id='word_1_339' title='bbox 337 2168 410 2225; x_wconf 89' lang='lat' dir='ltr'>de</span> <span class='ocrx_word' id='word_1_340' title='bbox 447 2165 537 2224; x_wconf 84' lang='lat' dir='ltr'>his</span> <span class='ocrx_word' id='word_1_341' title='bbox 571 2163 717 2221; x_wconf 88' lang='lat' dir='ltr'>mala</span> <span class='ocrx_word' id='word_1_342' title='bbox 757 2163 859 2223; x_wconf 80' lang='lat' dir='ltr'>fide</span> <span class='ocrx_word' id='word_1_343' title='bbox 892 2165 1189 2223; x_wconf 85' lang='lat' dir='ltr'>consumtis</span> <span class='ocrx_word' id='word_1_344' title='bbox 1224 2165 1296 2223; x_wconf 89' lang='lat' dir='ltr'>ad</span> <span class='ocrx_word' id='word_1_345' title='bbox 1328 2162 1694 2221; x_wconf 79' lang='lat' dir='ltr'>exhibendum</span> <span class='ocrx_word' id='word_1_346' title='bbox 1730 2164 1839 2234; x_wconf 87' lang='lat' dir='ltr'>agi,</span> 
     </span>
     <span class='ocr_line' id='line_1_37' title="bbox 209 2228 1841 2309; baseline -0.006 -15"><span class='ocrx_word' id='word_1_347' title='bbox 209 2239 253 2295; x_wconf 82' lang='lat' dir='ltr'>l.</span> <span class='ocrx_word' id='word_1_348' title='bbox 289 2238 340 2292; x_wconf 74' lang='lat' dir='ltr'>si</span> <span class='ocrx_word' id='word_1_349' title='bbox 371 2232 777 2306; x_wconf 59' lang='lat' dir='ltr'>quir-patrimis:</span> <span class='ocrx_word' id='word_1_350' title='bbox 812 2231 865 2290; x_wconf 80' lang='lat'><strong>5.</strong></span> <span class='ocrx_word' id='word_1_351' title='bbox 902 2229 1199 2309; x_wconf 51' lang='lat' dir='ltr'>§proinde</span> <span class='ocrx_word' id='word_1_352' title='bbox 1232 2249 1282 2288; x_wconf 86' lang='lat'><strong>2.</strong></span> <span class='ocrx_word' id='word_1_353' title='bbox 1310 2228 1383 2303; x_wconf 55' lang='grc' dir='ltr'><em>ᾖ</em></span> <span class='ocrx_word' id='word_1_354' title='bbox 1414 2234 1468 2291; x_wconf 79' lang='lat' dir='ltr'>b.</span> <span class='ocrx_word' id='word_1_355' title='bbox 1503 2248 1546 2287; x_wconf 72' lang='lat' dir='ltr'>t.</span> <span class='ocrx_word' id='word_1_356' title='bbox 1577 2233 1618 2289; x_wconf 69' lang='lat' dir='ltr'>l.</span> <span class='ocrx_word' id='word_1_357' title='bbox 1657 2252 1841 2291; x_wconf 66' lang='lat' dir='ltr'>vorum</span> 
     </span>
     <span class='ocr_line' id='line_1_38' title="bbox 211 2296 1838 2377; baseline -0.003 -13"><span class='ocrx_word' id='word_1_358' title='bbox 211 2325 297 2365; x_wconf 81' lang='lat'>11.</span> <span class='ocrx_word' id='word_1_359' title='bbox 333 2298 389 2377; x_wconf 59' lang='grc' dir='ltr'>ᾗ.</span> <span class='ocrx_word' id='word_1_360' title='bbox 428 2305 528 2362; x_wconf 75' lang='lat' dir='ltr'>ult.</span> <span class='ocrx_word' id='word_1_361' title='bbox 563 2301 632 2376; x_wconf 75' lang='lat' dir='ltr'>ff.</span> <span class='ocrx_word' id='word_1_362' title='bbox 668 2305 734 2360; x_wconf 78' lang='lat' dir='ltr'>de</span> <span class='ocrx_word' id='word_1_363' title='bbox 768 2307 955 2362; x_wconf 73' lang='lat' dir='ltr'>minor.</span> <span class='ocrx_word' id='word_1_364' title='bbox 1008 2303 1094 2362; x_wconf 81' lang='lat'><strong>25.</strong></span> <span class='ocrx_word' id='word_1_365' title='bbox 1130 2304 1326 2373; x_wconf 72' lang='lat' dir='ltr'>annis,</span> <span class='ocrx_word' id='word_1_366' title='bbox 1379 2321 1496 2376; x_wconf 80' lang='lat' dir='ltr'>arg.</span> <span class='ocrx_word' id='word_1_367' title='bbox 1531 2296 1583 2376; x_wconf 83' lang='lat'><strong>§.</strong></span> <span class='ocrx_word' id='word_1_368' title='bbox 1620 2303 1716 2361; x_wconf 82' lang='lat' dir='ltr'>ult.</span> <span class='ocrx_word' id='word_1_369' title='bbox 1755 2306 1838 2359; x_wconf 81' lang='lat' dir='ltr'>in·</span> 
     </span>
     <span class='ocr_line' id='line_1_39' title="bbox 207 2370 1842 2448; baseline -0.004 -15"><span class='ocrx_word' id='word_1_370' title='bbox 207 2377 321 2434; x_wconf 75' lang='lat' dir='ltr'>stit.</span> <span class='ocrx_word' id='word_1_371' title='bbox 377 2372 519 2448; x_wconf 71' lang='lat' dir='ltr'>quib.</span> <span class='ocrx_word' id='word_1_372' title='bbox 559 2375 720 2432; x_wconf 80' lang='lat' dir='ltr'>alim.</span> <span class='ocrx_word' id='word_1_373' title='bbox 756 2373 875 2434; x_wconf 77' lang='lat' dir='ltr'>licet</span> <span class='ocrx_word' id='word_1_374' title='bbox 910 2375 995 2432; x_wconf 71' lang='lat' dir='ltr'>vel</span> <span class='ocrx_word' id='word_1_375' title='bbox 1025 2394 1128 2433; x_wconf 74' lang='lat' dir='ltr'>non</span> <span class='ocrx_word' id='word_1_376' title='bbox 1162 2370 1336 2446; x_wconf 60' lang='lat' dir='ltr'>jun&amp;-</span> <span class='ocrx_word' id='word_1_377' title='bbox 1387 2374 1425 2429; x_wconf 83' lang='lat' dir='ltr'>l.</span> <span class='ocrx_word' id='word_1_378' title='bbox 1462 2375 1514 2429; x_wconf 73' lang='lat' dir='ltr'>st·</span> <span class='ocrx_word' id='word_1_379' title='bbox 1543 2388 1842 2430; x_wconf 63' lang='lat' dir='ltr'>curatorem</span> 
     </span>
     <span class='ocr_line' id='line_1_40' title="bbox 207 2440 1839 2520; baseline -0.004 -16"><span class='ocrx_word' id='word_1_380' title='bbox 207 2443 274 2504; x_wconf 80' lang='grc'>5.</span> <span class='ocrx_word' id='word_1_381' title='bbox 308 2447 364 2503; x_wconf 88' lang='lat' dir='ltr'><strong>C.</strong></span> <span class='ocrx_word' id='word_1_382' title='bbox 403 2446 473 2500; x_wconf 79' lang='lat' dir='ltr'>de</span> <span class='ocrx_word' id='word_1_383' title='bbox 527 2450 586 2503; x_wconf 80' lang='lat' dir='ltr'>in</span> <span class='ocrx_word' id='word_1_384' title='bbox 618 2445 778 2520; x_wconf 75' lang='lat' dir='ltr'>integ.</span> <span class='ocrx_word' id='word_1_385' title='bbox 835 2445 997 2502; x_wconf 74' lang='lat' dir='ltr'>restit.</span> <span class='ocrx_word' id='word_1_386' title='bbox 1052 2448 1242 2502; x_wconf 74' lang='lat' dir='ltr'>minor.</span> <span class='ocrx_word' id='word_1_387' title='bbox 1279 2440 1408 2515; x_wconf 69' lang='lat' dir='ltr'>Quo</span> <span class='ocrx_word' id='word_1_388' title='bbox 1458 2444 1622 2501; x_wconf 89' lang='lat' dir='ltr'>modo</span> <span class='ocrx_word' id='word_1_389' title='bbox 1673 2446 1839 2501; x_wconf 85' lang='lat' dir='ltr'>etiam</span> 
     </span>
     <span class='ocr_line' id='line_1_41' title="bbox 208 2510 1840 2585; baseline 0.001 -14"><span class='ocrx_word' id='word_1_390' title='bbox 208 2516 521 2576; x_wconf 78' lang='lat' dir='ltr'>vindicatio</span> <span class='ocrx_word' id='word_1_391' title='bbox 555 2532 897 2574; x_wconf 88' lang='lat' dir='ltr'>nummorum</span> <span class='ocrx_word' id='word_1_392' title='bbox 934 2515 1077 2585; x_wconf 87' lang='lat' dir='ltr'>patri</span> <span class='ocrx_word' id='word_1_393' title='bbox 1111 2524 1419 2584; x_wconf 78' lang='lat' dir='ltr'>superesset,</span> <span class='ocrx_word' id='word_1_394' title='bbox 1452 2514 1500 2568; x_wconf 89' lang='lat' dir='ltr'>si</span> <span class='ocrx_word' id='word_1_395' title='bbox 1537 2510 1840 2572; x_wconf 75' lang='lat' dir='ltr'>filiusfami-</span> 
     </span>
     <span class='ocr_line' id='line_1_42' title="bbox 208 2578 1839 2656; baseline -0.002 -13"><span class='ocrx_word' id='word_1_396' title='bbox 208 2585 314 2643; x_wconf 83' lang='lat' dir='ltr'>lias</span> <span class='ocrx_word' id='word_1_397' title='bbox 347 2603 442 2646; x_wconf 85' lang='lat' dir='ltr'>eos</span> <span class='ocrx_word' id='word_1_398' title='bbox 479 2584 709 2643; x_wconf 85' lang='lat' dir='ltr'>dedisset</span> <span class='ocrx_word' id='word_1_399' title='bbox 746 2599 983 2656; x_wconf 89' lang='lat' dir='ltr'>mutuos,</span> <span class='ocrx_word' id='word_1_400' title='bbox 1018 2586 1123 2643; x_wconf 90' lang='lat' dir='ltr'>etsi</span> <span class='ocrx_word' id='word_1_401' title='bbox 1158 2583 1381 2639; x_wconf 84' lang='lat' dir='ltr'>liberam</span> <span class='ocrx_word' id='word_1_402' title='bbox 1417 2578 1693 2643; x_wconf 86' lang='lat' dir='ltr'>habuisset</span> <span class='ocrx_word' id='word_1_403' title='bbox 1748 2600 1839 2651; x_wconf 77' lang='lat' dir='ltr'>pe—</span> 
     </span>
     <span class='ocr_line' id='line_1_43' title="bbox 203 2649 1838 2722; baseline -0.005 -7"><span class='ocrx_word' id='word_1_404' title='bbox 203 2656 339 2715; x_wconf 74' lang='lat' dir='ltr'>mlii</span> <span class='ocrx_word' id='word_1_405' title='bbox 397 2655 966 2722; x_wconf 70' lang='lat' dir='ltr'>adnunistrationem.</span> <span class='ocrx_word' id='word_1_406' title='bbox 1017 2654 1073 2711; x_wconf 77' lang='lat' dir='ltr'>d.</span> <span class='ocrx_word' id='word_1_407' title='bbox 1105 2655 1143 2711; x_wconf 89' lang='lat' dir='ltr'>l.</span> <span class='ocrx_word' id='word_1_408' title='bbox 1178 2649 1234 2712; x_wconf 78' lang='lat'><strong>5.</strong></span> <span class='ocrx_word' id='word_1_409' title='bbox 1262 2652 1474 2722; x_wconf 73' lang='lat' dir='ltr'>proinde</span> <span class='ocrx_word' id='word_1_410' title='bbox 1524 2668 1576 2711; x_wconf 77' lang='lat'><strong>2.</strong></span> <span class='ocrx_word' id='word_1_411' title='bbox 1611 2656 1670 2712; x_wconf 74' lang='lat' dir='ltr'>in</span> <span class='ocrx_word' id='word_1_412' title='bbox 1701 2649 1838 2717; x_wconf 75' lang='lat' dir='ltr'>med.</span> 
     </span>
    </p>
   </div>
   <div class='ocr_carea' id='block_1_13' title="bbox 1899 908 3524 981">
    <p class='ocr_par' dir='ltr' id='par_1_13' title="bbox 1899 908 3524 981">
     <span class='ocr_line' id='line_1_44' title="bbox 1899 908 3524 981; baseline 0.001 -16"><span class='ocrx_word' id='word_1_413' title='bbox 1899 911 2183 978; x_wconf 55' lang='lat' dir='ltr'>emtionem</span> <span class='ocrx_word' id='word_1_414' title='bbox 2214 909 2305 979; x_wconf 73' lang='lat'><strong>40.</strong></span> <span class='ocrx_word' id='word_1_415' title='bbox 2329 908 2402 981; x_wconf 59' lang='lat' dir='ltr'>ff:</span> <span class='ocrx_word' id='word_1_416' title='bbox 2422 910 2486 966; x_wconf 79' lang='lat' dir='ltr'>de</span> <span class='ocrx_word' id='word_1_417' title='bbox 2504 910 2731 969; x_wconf 66' lang='lat' dir='ltr'>condili.</span> <span class='ocrx_word' id='word_1_418' title='bbox 2766 910 2888 968; x_wconf 80' lang='lat' dir='ltr'>inde</span> <span class='ocrx_word' id='word_1_419' title='bbox 2923 952 2937 966; x_wconf 95' lang='lat'><strong>.</strong></span> <span class='ocrx_word' id='word_1_420' title='bbox 2980 908 3117 981; x_wconf 69' lang='lat' dir='ltr'>Qua</span> <span class='ocrx_word' id='word_1_421' title='bbox 3144 927 3210 967; x_wconf 88' lang='lat' dir='ltr'>eo</span> <span class='ocrx_word' id='word_1_422' title='bbox 3230 928 3355 968; x_wconf 86' lang='lat' dir='ltr'>vera</span> <span class='ocrx_word' id='word_1_423' title='bbox 3375 922 3524 980; x_wconf 87' lang='lat' dir='ltr'>sunt,</span> 
     </span>
    </p>
   </div>
   <div class='ocr_carea' id='block_1_14' title="bbox 1899 977 3581 1105">
    <p class='ocr_par' dir='ltr' id='par_1_14' title="bbox 1899 977 3581 1105">
     <span class='ocr_line' id='line_1_45' title="bbox 1899 977 3581 1105; baseline -0.002 -72"><span class='ocrx_word' id='word_1_424' title='bbox 1899 979 2078 1105; x_wconf 52' lang='lat' dir='ltr'>“fg-⁸³</span> <span class='ocrx_word' id='word_1_425' title='bbox 2115 992 2301 1067; x_wconf 77' lang='lat' dir='ltr'>pater,</span> <span class='ocrx_word' id='word_1_426' title='bbox 2337 979 2425 1039; x_wconf 88' lang='lat' dir='ltr'>vel</span> <span class='ocrx_word' id='word_1_427' title='bbox 2462 986 2571 1049; x_wconf 89' lang='lat' dir='ltr'>ipse</span> <span class='ocrx_word' id='word_1_428' title='bbox 2607 979 2748 1037; x_wconf 83' lang='lat' dir='ltr'>filius</span> <span class='ocrx_word' id='word_1_429' title='bbox 2782 984 2866 1038; x_wconf 88' lang='lat' dir='ltr'>sui</span> <span class='ocrx_word' id='word_1_430' title='bbox 2898 978 3033 1065; x_wconf 76' lang='lat' dir='ltr'>juris</span> <span class='ocrx_word' id='word_1_431' title='bbox 3067 977 3240 1037; x_wconf 65' lang='lat' dir='ltr'>faetus</span> <span class='ocrx_word' id='word_1_432' title='bbox 3260 1022 3278 1050; x_wconf 91' lang='lat'>,</span> <span class='ocrx_word' id='word_1_433' title='bbox 3314 993 3524 1048; x_wconf 88' lang='lat' dir='ltr'>partem</span> <span class='ocrx_word' id='word_1_434' title='bbox 3574 1021 3581 1030; x_wconf 89' lang='lat'><strong>.</strong></span> 
     </span>
     <span class='ocr_line' id='line_1_46' title="bbox 1935 1066 2025 1103; baseline -0.022 0"><span class='ocrx_word' id='word_1_435' title='bbox 1935 1067 1965 1103; x_wconf 91' lang='lat' dir='ltr'>e</span> <span class='ocrx_word' id='word_1_436' title='bbox 2007 1066 2025 1101; x_wconf 83' lang='lat'>1</span> 
     </span>
    </p>
   </div>
   <div class='ocr_carea' id='block_1_15' title="bbox 1896 1047 3529 1608">
    <p class='ocr_par' dir='ltr' id='par_1_15' title="bbox 1896 1047 3529 1608">
     <span class='ocr_line' id='line_1_47' title="bbox 2028 1047 3525 1123; baseline 0.001 -22"><span class='ocrx_word' id='word_1_437' title='bbox 2028 1048 2073 1101; x_wconf 89' lang='lat' dir='ltr'>ti</span> <span class='ocrx_word' id='word_1_438' title='bbox 2106 1048 2347 1121; x_wconf 76' lang='lat' dir='ltr'>solverit,</span> <span class='ocrx_word' id='word_1_439' title='bbox 2382 1052 2441 1108; x_wconf 90' lang='lat' dir='ltr'>in</span> <span class='ocrx_word' id='word_1_440' title='bbox 2477 1049 2644 1108; x_wconf 88' lang='lat' dir='ltr'>dubio</span> <span class='ocrx_word' id='word_1_441' title='bbox 2677 1062 2860 1106; x_wconf 91' lang='lat' dir='ltr'>totum</span> <span class='ocrx_word' id='word_1_442' title='bbox 2894 1047 3241 1123; x_wconf 78' lang='lat' dir='ltr'>intelligatur</span> <span class='ocrx_word' id='word_1_443' title='bbox 3275 1049 3525 1107; x_wconf 88' lang='lat' dir='ltr'>debitum</span> 
     </span>
     <span class='ocr_line' id='line_1_48' title="bbox 1900 1117 3524 1191; baseline 0.001 -19"><span class='ocrx_word' id='word_1_444' title='bbox 1900 1130 2082 1175; x_wconf 85' lang='lat' dir='ltr'>ratum</span> <span class='ocrx_word' id='word_1_445' title='bbox 2117 1117 2393 1191; x_wconf 88' lang='lat' dir='ltr'>habuisse,</span> <span class='ocrx_word' id='word_1_446' title='bbox 2425 1137 2490 1177; x_wconf 89' lang='lat' dir='ltr'>ac</span> <span class='ocrx_word' id='word_1_447' title='bbox 2530 1122 2590 1176; x_wconf 92' lang='lat' dir='ltr'>in</span> <span class='ocrx_word' id='word_1_448' title='bbox 2627 1118 2891 1189; x_wconf 86' lang='lat' dir='ltr'>reliquum</span> <span class='ocrx_word' id='word_1_449' title='bbox 2925 1133 3250 1189; x_wconf 82' lang='lat' dir='ltr'>conventus,</span> <span class='ocrx_word' id='word_1_450' title='bbox 3287 1136 3401 1191; x_wconf 85' lang='lat' dir='ltr'>non</span> <span class='ocrx_word' id='word_1_451' title='bbox 3437 1119 3524 1175; x_wconf 86' lang='lat' dir='ltr'>ul-</span> 
     </span>
     <span class='ocr_line' id='line_1_49' title="bbox 1900 1186 3525 1250; baseline 0.001 -6"><span class='ocrx_word' id='word_1_452' title='bbox 1900 1201 1990 1244; x_wconf 87' lang='lat' dir='ltr'>tra</span> <span class='ocrx_word' id='word_1_453' title='bbox 2019 1206 2079 1246; x_wconf 88' lang='lat' dir='ltr'>se</span> <span class='ocrx_word' id='word_1_454' title='bbox 2207 1190 2279 1246; x_wconf 86' lang='lat' dir='ltr'>sir</span> <span class='ocrx_word' id='word_1_455' title='bbox 2314 1187 2416 1248; x_wconf 89' lang='lat' dir='ltr'>hoc</span> <span class='ocrx_word' id='word_1_456' title='bbox 2450 1187 2840 1250; x_wconf 86' lang='lat' dir='ltr'>Macedoniani</span> <span class='ocrx_word' id='word_1_457' title='bbox 2874 1188 3082 1245; x_wconf 81' lang='lat' dir='ltr'>auxilio</span> <span class='ocrx_word' id='word_1_458' title='bbox 3116 1189 3278 1247; x_wconf 89' lang='lat' dir='ltr'>tueri.</span> <span class='ocrx_word' id='word_1_459' title='bbox 3313 1186 3389 1245; x_wconf 77' lang='lat' dir='ltr'>Et</span> <span class='ocrx_word' id='word_1_460' title='bbox 3415 1187 3525 1245; x_wconf 86' lang='lat' dir='ltr'>hoc</span> 
     </span>
     <span class='ocr_line' id='line_1_50' title="bbox 1900 1254 3521 1330; baseline 0.002 -20"><span class='ocrx_word' id='word_1_461' title='bbox 1900 1254 2076 1315; x_wconf 87' lang='lat' dir='ltr'>voluit</span> <span class='ocrx_word' id='word_1_462' title='bbox 2169 1257 2394 1330; x_wconf 75' lang='lat' dir='ltr'>lpianuS,</span> <span class='ocrx_word' id='word_1_463' title='bbox 2431 1275 2556 1317; x_wconf 87' lang='lat' dir='ltr'>cum</span> <span class='ocrx_word' id='word_1_464' title='bbox 2587 1259 2801 1328; x_wconf 79' lang='lat' dir='ltr'>scripsit</span> <span class='ocrx_word' id='word_1_465' title='bbox 2875 1264 2924 1316; x_wconf 78' lang='lat' dir='ltr'>si</span> <span class='ocrx_word' id='word_1_466' title='bbox 2951 1273 3104 1328; x_wconf 76' lang='lat' dir='ltr'>pater</span> <span class='ocrx_word' id='word_1_467' title='bbox 3140 1259 3330 1315; x_wconf 76' lang='lat' dir='ltr'>solvere</span> <span class='ocrx_word' id='word_1_468' title='bbox 3367 1273 3521 1328; x_wconf 65' lang='lat' dir='ltr'>cape-</span> 
     </span>
     <span class='ocr_line' id='line_1_51' title="bbox 1899 1302 3525 1403; baseline 0.001 -20"><span class='ocrx_word' id='word_1_469' title='bbox 1899 1328 1972 1383; x_wconf 76' lang='lat' dir='ltr'>rt‘t</span> <span class='ocrx_word' id='word_1_470' title='bbox 1993 1366 2011 1396; x_wconf 91' lang='lat'>,</span> <span class='ocrx_word' id='word_1_471' title='bbox 2047 1327 2180 1385; x_wconf 83' lang='lat' dir='ltr'>item</span> <span class='ocrx_word' id='word_1_472' title='bbox 2214 1329 2265 1382; x_wconf 68' lang='grc' dir='ltr'>η’</span> <span class='ocrx_word' id='word_1_473' title='bbox 2294 1325 2691 1401; x_wconf 59' lang='lat' dir='ltr'>paterfamilias·</span> <span class='ocrx_word' id='word_1_474' title='bbox 2710 1302 2904 1403; x_wconf 47' lang='lat' dir='ltr'>fhtiur</span> <span class='ocrx_word' id='word_1_475' title='bbox 2942 1329 3155 1385; x_wconf 62' lang='lat' dir='ltr'>solverit</span> <span class='ocrx_word' id='word_1_476' title='bbox 3184 1343 3393 1397; x_wconf 65' lang='lat' dir='ltr'>partem</span> <span class='ocrx_word' id='word_1_477' title='bbox 3429 1329 3525 1384; x_wconf 81' lang='lat' dir='ltr'>de-</span> 
     </span>
     <span class='ocr_line' id='line_1_52' title="bbox 1898 1393 3527 1470; baseline 0 -18"><span class='ocrx_word' id='word_1_478' title='bbox 1898 1393 1999 1453; x_wconf 65' lang='lat' dir='ltr'>bite·</span> <span class='ocrx_word' id='word_1_479' title='bbox 2016 1437 2035 1465; x_wconf 94' lang='lat'>,</span> <span class='ocrx_word' id='word_1_480' title='bbox 2085 1416 2291 1454; x_wconf 78' lang='lat' dir='ltr'>cessare</span> <span class='ocrx_word' id='word_1_481' title='bbox 2342 1400 2864 1460; x_wconf 69' lang='lat' dir='ltr'>senatus-consultum</span> <span class='ocrx_word' id='word_1_482' title='bbox 2881 1439 2900 1470; x_wconf 88' lang='lat'>,</span> <span class='ocrx_word' id='word_1_483' title='bbox 2954 1417 3047 1454; x_wconf 85' lang='lat' dir='ltr'>nec</span> <span class='ocrx_word' id='word_1_484' title='bbox 3080 1399 3311 1455; x_wconf 69' lang='lat' dir='ltr'>solutum</span> <span class='ocrx_word' id='word_1_485' title='bbox 3365 1399 3527 1468; x_wconf 76' lang='lat' dir='ltr'>repeti</span> 
     </span>
     <span class='ocr_line' id='line_1_53' title="bbox 1896 1467 3529 1540; baseline 0.002 -19"><span class='ocrx_word' id='word_1_486' title='bbox 1896 1482 2071 1536; x_wconf 80' lang='lat' dir='ltr'>posse.</span> <span class='ocrx_word' id='word_1_487' title='bbox 2107 1468 2301 1528; x_wconf 87' lang='lat' dir='ltr'>Cessat</span> <span class='ocrx_word' id='word_1_488' title='bbox 2335 1468 2544 1525; x_wconf 87' lang='lat' dir='ltr'>scilicet</span> <span class='ocrx_word' id='word_1_489' title='bbox 2578 1467 3127 1540; x_wconf 79' lang='lat' dir='ltr'>senatusconsultum,</span> <span class='ocrx_word' id='word_1_490' title='bbox 3161 1482 3422 1539; x_wconf 85' lang='lat' dir='ltr'>quantum</span> <span class='ocrx_word' id='word_1_491' title='bbox 3454 1467 3529 1525; x_wconf 88' lang='lat' dir='ltr'>ad</span> 
     </span>
     <span class='ocr_line' id='line_1_54' title="bbox 1899 1534 3528 1608; baseline -0.002 -16"><span class='ocrx_word' id='word_1_492' title='bbox 1899 1548 2111 1607; x_wconf 88' lang='lat' dir='ltr'>partem</span> <span class='ocrx_word' id='word_1_493' title='bbox 2145 1535 2322 1596; x_wconf 88' lang='lat' dir='ltr'>adhuc</span> <span class='ocrx_word' id='word_1_494' title='bbox 2355 1534 2736 1596; x_wconf 78' lang='lat' dir='ltr'>exsolvendam</span> <span class='ocrx_word' id='word_1_495' title='bbox 2754 1561 2781 1607; x_wconf 87' lang='lat'>,-</span> <span class='ocrx_word' id='word_1_496' title='bbox 2831 1551 3001 1596; x_wconf 81' lang='lat' dir='ltr'>cessat</span> <span class='ocrx_word' id='word_1_497' title='bbox 3047 1539 3303 1606; x_wconf 78' lang='lat' dir='ltr'>repetitio</span> <span class='ocrx_word' id='word_1_498' title='bbox 3353 1555 3528 1608; x_wconf 70' lang='lat' dir='ltr'>quan.-</span> 
     </span>
    </p>
   </div>
   <div class='ocr_carea' id='block_1_16' title="bbox 1898 1600 3581 1679">
    <p class='ocr_par' dir='ltr' id='par_1_16' title="bbox 1898 1600 3581 1679">
     <span class='ocr_line' id='line_1_55' title="bbox 1898 1600 3581 1679; baseline -0.005 -15"><span class='ocrx_word' id='word_1_499' title='bbox 1898 1619 2015 1664; x_wconf 87' lang='lat' dir='ltr'>tum</span> <span class='ocrx_word' id='word_1_500' title='bbox 2049 1607 2119 1666; x_wconf 88' lang='lat' dir='ltr'>ad</span> <span class='ocrx_word' id='word_1_501' title='bbox 2152 1624 2296 1676; x_wconf 86' lang='lat' dir='ltr'>eam,</span> <span class='ocrx_word' id='word_1_502' title='bbox 2329 1627 2442 1679; x_wconf 76' lang='lat' dir='ltr'>quae</span> <span class='ocrx_word' id='word_1_503' title='bbox 2476 1606 2653 1665; x_wconf 85' lang='lat' dir='ltr'>soluta</span> <span class='ocrx_word' id='word_1_504' title='bbox 2688 1604 2797 1677; x_wconf 81' lang='lat' dir='ltr'>jam</span> <span class='ocrx_word' id='word_1_505' title='bbox 2830 1621 2932 1675; x_wconf 87' lang='lat' dir='ltr'>est,</span> <span class='ocrx_word' id='word_1_506' title='bbox 2968 1607 3021 1662; x_wconf 83' lang='lat' dir='ltr'>d.</span> <span class='ocrx_word' id='word_1_507' title='bbox 3061 1607 3101 1664; x_wconf 91' lang='lat' dir='ltr'>l.</span> <span class='ocrx_word' id='word_1_508' title='bbox 3133 1620 3185 1678; x_wconf 88' lang='lat'>7.</span> <span class='ocrx_word' id='word_1_509' title='bbox 3223 1600 3275 1676; x_wconf 72' lang='lat'>§-</span> <span class='ocrx_word' id='word_1_510' title='bbox 3306 1621 3424 1676; x_wconf 75' lang='lat' dir='ltr'>pen.</span> <span class='ocrx_word' id='word_1_511' title='bbox 3457 1605 3526 1668; x_wconf 56' lang='grc' dir='ltr'>Θ</span> <span class='ocrx_word' id='word_1_512' title='bbox 3564 1638 3581 1656; x_wconf 81' lang='grc'>.</span> 
     </span>
    </p>
   </div>
   <div class='ocr_carea' id='block_1_17' title="bbox 1893 1673 3530 2518">
    <p class='ocr_par' dir='ltr' id='par_1_17' title="bbox 1893 1673 3530 2518">
     <span class='ocr_line' id='line_1_56' title="bbox 1896 1673 3519 1752; baseline -0.002 -18"><span class='ocrx_word' id='word_1_513' title='bbox 1896 1676 1995 1734; x_wconf 78' lang='lat' dir='ltr'>ult.</span> <span class='ocrx_word' id='word_1_514' title='bbox 2019 1673 2093 1747; x_wconf 77' lang='lat' dir='ltr'><em>ffi</em></span> <span class='ocrx_word' id='word_1_515' title='bbox 2131 1675 2182 1733; x_wconf 85' lang='lat' dir='ltr'>b.</span> <span class='ocrx_word' id='word_1_516' title='bbox 2219 1693 2260 1734; x_wconf 82' lang='lat' dir='ltr'>t.</span> <span class='ocrx_word' id='word_1_517' title='bbox 2297 1694 2414 1752; x_wconf 86' lang='lat' dir='ltr'>arg.</span> <span class='ocrx_word' id='word_1_518' title='bbox 2452 1677 2490 1733; x_wconf 90' lang='grc' dir='ltr'><strong><em>Ι.</em></strong></span> <span class='ocrx_word' id='word_1_519' title='bbox 2524 1696 2648 1735; x_wconf 79' lang='lat' dir='ltr'>cum</span> <span class='ocrx_word' id='word_1_520' title='bbox 2668 1676 2843 1751; x_wconf 77' lang='lat' dir='ltr'>fidem</span> <span class='ocrx_word' id='word_1_521' title='bbox 2892 1676 2944 1745; x_wconf 76' lang='grc'><strong><em>4.</em></strong></span> <span class='ocrx_word' id='word_1_522' title='bbox 2983 1678 3040 1733; x_wconf 89' lang='lat' dir='ltr'><strong>C.</strong></span> <span class='ocrx_word' id='word_1_523' title='bbox 3091 1674 3156 1729; x_wconf 82' lang='lat' dir='ltr'>de</span> <span class='ocrx_word' id='word_1_524' title='bbox 3189 1695 3293 1732; x_wconf 76' lang='lat' dir='ltr'>non</span> <span class='ocrx_word' id='word_1_525' title='bbox 3327 1696 3519 1734; x_wconf 80' lang='lat' dir='ltr'>nume-</span> 
     </span>
     <span class='ocr_line' id='line_1_57' title="bbox 1896 1741 3524 1873; baseline -0.002 -70"><span class='ocrx_word' id='word_1_526' title='bbox 1896 1763 2025 1805; x_wconf 76' lang='lat' dir='ltr'>rata</span> <span class='ocrx_word' id='word_1_527' title='bbox 2054 1761 2237 1816; x_wconf 75' lang='lat' dir='ltr'>pecun-</span> <span class='ocrx_word' id='word_1_528' title='bbox 2273 1745 2550 1805; x_wconf 79' lang='lat' dir='ltr'>Costalius</span> <span class='ocrx_word' id='word_1_529' title='bbox 2585 1746 2668 1803; x_wconf 82' lang='lat' dir='ltr'>ad</span> <span class='ocrx_word' id='word_1_530' title='bbox 2694 1741 2909 1873; x_wconf 62' lang='lat' dir='ltr'><strong>l.12.§.</strong></span> <span class='ocrx_word' id='word_1_531' title='bbox 2946 1750 2997 1803; x_wconf 78' lang='lat' dir='ltr'>si</span> <span class='ocrx_word' id='word_1_532' title='bbox 3017 1742 3312 1817; x_wconf 49' lang='lat' dir='ltr'>filiusfam.</span> <span class='ocrx_word' id='word_1_533' title='bbox 3363 1744 3431 1816; x_wconf 78' lang='lat' dir='ltr'><em>ff</em></span> <span class='ocrx_word' id='word_1_534' title='bbox 3470 1745 3524 1803; x_wconf 85' lang='lat' dir='ltr'><strong>b.</strong></span> 
     </span>
     <span class='ocr_line' id='line_1_58' title="bbox 1896 1814 3521 1885; baseline -0.001 -13"><span class='ocrx_word' id='word_1_535' title='bbox 1896 1833 1938 1873; x_wconf 84' lang='lat' dir='ltr'>t.</span> <span class='ocrx_word' id='word_1_536' title='bbox 1976 1814 2220 1875; x_wconf 87' lang='lat' dir='ltr'>Dissent.</span> <span class='ocrx_word' id='word_1_537' title='bbox 2272 1814 2575 1876; x_wconf 85' lang='lat' dir='ltr'>Bachovius</span> <span class='ocrx_word' id='word_1_538' title='bbox 2630 1816 2713 1872; x_wconf 74' lang='lat' dir='ltr'>ad</span> <span class='ocrx_word' id='word_1_539' title='bbox 2780 1820 2938 1876; x_wconf 62' lang='grc' dir='ltr'><strong><em>νυκτί.</em></strong></span> <span class='ocrx_word' id='word_1_540' title='bbox 2993 1817 3095 1874; x_wconf 84' lang='lat' dir='ltr'>vol.</span> <span class='ocrx_word' id='word_1_541' title='bbox 3158 1833 3205 1872; x_wconf 79' lang='grc' dir='ltr'><strong><em>ι.</em></strong></span> <span class='ocrx_word' id='word_1_542' title='bbox 3242 1815 3374 1885; x_wconf 70' lang='lat' dir='ltr'>disp.</span> <span class='ocrx_word' id='word_1_543' title='bbox 3432 1831 3521 1872; x_wconf 82' lang='lat'><strong>20.</strong></span> 
     </span>
     <span class='ocr_line' id='line_1_59' title="bbox 1893 1882 3523 1955; baseline -0.001 -13"><span class='ocrx_word' id='word_1_544' title='bbox 1893 1883 2026 1944; x_wconf 70' lang='lat' dir='ltr'>thes.</span> <span class='ocrx_word' id='word_1_545' title='bbox 2065 1884 2118 1945; x_wconf 76' lang='lat'><strong>8.</strong></span> <span class='ocrx_word' id='word_1_546' title='bbox 2154 1889 2234 1944; x_wconf 67' lang='lat' dir='ltr'>tis.</span> <span class='ocrx_word' id='word_1_547' title='bbox 2271 1907 2310 1940; x_wconf 85' lang='lat' dir='ltr'><em>a</em></span> <span class='ocrx_word' id='word_1_548' title='bbox 2345 1886 2414 1949; x_wconf 61' lang='lat' dir='ltr'>er</span> <span class='ocrx_word' id='word_1_549' title='bbox 2446 1884 2480 1941; x_wconf 87' lang='lat' dir='ltr'><em>b</em></span> <span class='ocrx_word' id='word_1_550' title='bbox 2516 1888 2619 1942; x_wconf 89' lang='lat' dir='ltr'>nisi</span> <span class='ocrx_word' id='word_1_551' title='bbox 2653 1899 2980 1955; x_wconf 83' lang='lat' dir='ltr'>protestatus</span> <span class='ocrx_word' id='word_1_552' title='bbox 3018 1889 3346 1944; x_wconf 86' lang='lat' dir='ltr'>nominatim</span> <span class='ocrx_word' id='word_1_553' title='bbox 3401 1882 3523 1944; x_wconf 85' lang='lat' dir='ltr'>fue—</span> 
     </span>
     <span class='ocr_line' id='line_1_60' title="bbox 1895 1955 3524 2028; baseline 0.001 -16"><span class='ocrx_word' id='word_1_554' title='bbox 1895 1956 1990 2022; x_wconf 89' lang='lat' dir='ltr'>rit,</span> <span class='ocrx_word' id='word_1_555' title='bbox 2022 1972 2148 2015; x_wconf 87' lang='lat' dir='ltr'>cum</span> <span class='ocrx_word' id='word_1_556' title='bbox 2168 1968 2380 2026; x_wconf 87' lang='lat' dir='ltr'>partem</span> <span class='ocrx_word' id='word_1_557' title='bbox 2411 1955 2681 2025; x_wconf 83' lang='lat' dir='ltr'>solvebat,</span> <span class='ocrx_word' id='word_1_558' title='bbox 2717 1975 2829 2014; x_wconf 91' lang='lat' dir='ltr'>non</span> <span class='ocrx_word' id='word_1_559' title='bbox 2851 1957 2998 2015; x_wconf 88' lang='lat' dir='ltr'>ultra</span> <span class='ocrx_word' id='word_1_560' title='bbox 3030 1972 3175 2027; x_wconf 90' lang='lat' dir='ltr'>eam,</span> <span class='ocrx_word' id='word_1_561' title='bbox 3211 1971 3372 2028; x_wconf 87' lang='lat' dir='ltr'>quam</span> <span class='ocrx_word' id='word_1_562' title='bbox 3391 1974 3524 2024; x_wconf 84' lang='lat' dir='ltr'>prae-</span> 
     </span>
     <span class='ocr_line' id='line_1_61' title="bbox 1894 2024 3527 2096; baseline -0.002 -12"><span class='ocrx_word' id='word_1_563' title='bbox 1894 2024 2076 2084; x_wconf 85' lang='lat' dir='ltr'>stabat</span> <span class='ocrx_word' id='word_1_564' title='bbox 2109 2026 2460 2096; x_wconf 84' lang='lat' dir='ltr'>portionem,</span> <span class='ocrx_word' id='word_1_565' title='bbox 2513 2025 2729 2095; x_wconf 84' lang='lat' dir='ltr'>probari</span> <span class='ocrx_word' id='word_1_566' title='bbox 2782 2045 2815 2082; x_wconf 92' lang='lat' dir='ltr'>a</span> <span class='ocrx_word' id='word_1_567' title='bbox 2848 2047 2904 2086; x_wconf 89' lang='lat' dir='ltr'>se</span> <span class='ocrx_word' id='word_1_568' title='bbox 2940 2038 3189 2085; x_wconf 85' lang='lat' dir='ltr'>mutuum</span> <span class='ocrx_word' id='word_1_569' title='bbox 3246 2038 3527 2095; x_wconf 82' lang='lat' dir='ltr'>ratumque</span> 
     </span>
     <span class='ocr_line' id='line_1_62' title="bbox 1899 2093 3525 2167; baseline 0.001 -16"><span class='ocrx_word' id='word_1_570' title='bbox 1899 2093 2123 2162; x_wconf 72' lang='lat' dir='ltr'>haberi,</span> <span class='ocrx_word' id='word_1_571' title='bbox 2155 2112 2280 2152; x_wconf 87' lang='lat' dir='ltr'>cum</span> <span class='ocrx_word' id='word_1_572' title='bbox 2313 2100 2596 2166; x_wconf 87' lang='lat' dir='ltr'>pecuniam</span> <span class='ocrx_word' id='word_1_573' title='bbox 2629 2097 2828 2164; x_wconf 88' lang='lat' dir='ltr'>partim</span> <span class='ocrx_word' id='word_1_574' title='bbox 2863 2097 3018 2167; x_wconf 87' lang='lat' dir='ltr'>bene,</span> <span class='ocrx_word' id='word_1_575' title='bbox 3054 2098 3250 2165; x_wconf 88' lang='lat' dir='ltr'>partim</span> <span class='ocrx_word' id='word_1_576' title='bbox 3283 2094 3426 2154; x_wconf 90' lang='lat' dir='ltr'>male</span> <span class='ocrx_word' id='word_1_577' title='bbox 3459 2112 3525 2152; x_wconf 88' lang='lat' dir='ltr'>ac</span> 
     </span>
     <span class='ocr_line' id='line_1_63' title="bbox 1895 2164 3530 2235; baseline 0.002 -15"><span class='ocrx_word' id='word_1_578' title='bbox 1895 2178 2093 2221; x_wconf 88' lang='lat' dir='ltr'>contra</span> <span class='ocrx_word' id='word_1_579' title='bbox 2144 2164 2669 2224; x_wconf 84' lang='lat' dir='ltr'>senatusconsultum</span> <span class='ocrx_word' id='word_1_580' title='bbox 2721 2166 2988 2224; x_wconf 87' lang='lat' dir='ltr'>creditam</span> <span class='ocrx_word' id='word_1_581' title='bbox 3043 2166 3530 2235; x_wconf 78' lang='lat' dir='ltr'>animadvertens,</span> 
     </span>
     <span class='ocr_line' id='line_1_64' title="bbox 1897 2233 3529 2306; baseline 0.001 -14"><span class='ocrx_word' id='word_1_582' title='bbox 1897 2233 2262 2305; x_wconf 82' lang='lat' dir='ltr'>probibendus</span> <span class='ocrx_word' id='word_1_583' title='bbox 2314 2251 2427 2293; x_wconf 88' lang='lat' dir='ltr'>non</span> <span class='ocrx_word' id='word_1_584' title='bbox 2463 2234 2713 2293; x_wconf 77' lang='lat' dir='ltr'>videatur</span> <span class='ocrx_word' id='word_1_585' title='bbox 2750 2236 2949 2293; x_wconf 84' lang='lat' dir='ltr'>bonam</span> <span class='ocrx_word' id='word_1_586' title='bbox 3003 2233 3165 2293; x_wconf 78' lang='lat' dir='ltr'>fidem</span> <span class='ocrx_word' id='word_1_587' title='bbox 3198 2253 3227 2290; x_wconf 89' lang='lat' dir='ltr'>a</span> <span class='ocrx_word' id='word_1_588' title='bbox 3269 2252 3485 2293; x_wconf 85' lang='lat' dir='ltr'>noscere</span> <span class='ocrx_word' id='word_1_589' title='bbox 3504 2277 3529 2306; x_wconf 89' lang='lat'>,</span> 
     </span>
     <span class='ocr_line' id='line_1_65' title="bbox 1896 2304 3527 2377; baseline -0.001 -16"><span class='ocrx_word' id='word_1_590' title='bbox 1896 2321 2057 2375; x_wconf 87' lang='lat' dir='ltr'>atque</span> <span class='ocrx_word' id='word_1_591' title='bbox 2092 2309 2169 2362; x_wconf 88' lang='lat' dir='ltr'>ita</span> <span class='ocrx_word' id='word_1_592' title='bbox 2204 2316 2415 2375; x_wconf 88' lang='lat' dir='ltr'>partem</span> <span class='ocrx_word' id='word_1_593' title='bbox 2447 2304 2655 2365; x_wconf 85' lang='lat' dir='ltr'>solvere</span> <span class='ocrx_word' id='word_1_594' title='bbox 2675 2347 2693 2377; x_wconf 89' lang='lat'>‚</span> <span class='ocrx_word' id='word_1_595' title='bbox 2752 2307 2819 2363; x_wconf 89' lang='lat' dir='ltr'>de</span> <span class='ocrx_word' id='word_1_596' title='bbox 2854 2318 3005 2377; x_wconf 86' lang='lat' dir='ltr'>parte</span> <span class='ocrx_word' id='word_1_597' title='bbox 3039 2305 3213 2363; x_wconf 83' lang='lat' dir='ltr'>altera</span> <span class='ocrx_word' id='word_1_598' title='bbox 3273 2306 3527 2377; x_wconf 80' lang='lat' dir='ltr'>itigatum</span> 
     </span>
     <span class='ocr_line' id='line_1_66' title="bbox 1897 2375 3527 2447; baseline 0.001 -19"><span class='ocrx_word' id='word_1_599' title='bbox 1897 2376 2141 2447; x_wconf 61' lang='lat' dir='ltr'>ire,&#39;a13.</span> <span class='ocrx_word' id='word_1_600' title='bbox 2179 2376 2218 2431; x_wconf 82' lang='grc' dir='ltr'>Ι.</span> <span class='ocrx_word' id='word_1_601' title='bbox 2253 2375 2352 2433; x_wconf 61' lang='lat' dir='ltr'>uls.</span> <span class='ocrx_word' id='word_1_602' title='bbox 2390 2378 2447 2432; x_wconf 66' lang='lat' dir='ltr'>in</span> <span class='ocrx_word' id='word_1_603' title='bbox 2466 2375 2588 2447; x_wconf 77' lang='lat' dir='ltr'>fine</span> <span class='ocrx_word' id='word_1_604' title='bbox 2612 2377 2853 2446; x_wconf 67' lang='lat' dir='ltr'>principii</span> <span class='ocrx_word' id='word_1_605' title='bbox 2937 2418 2951 2432; x_wconf 90' lang='lat'><strong>.</strong></span> <span class='ocrx_word' id='word_1_606' title='bbox 2989 2375 3055 2431; x_wconf 78' lang='lat' dir='ltr'>de</span> <span class='ocrx_word' id='word_1_607' title='bbox 3089 2376 3297 2432; x_wconf 72' lang='lat' dir='ltr'>exercit.</span> <span class='ocrx_word' id='word_1_608' title='bbox 3334 2375 3447 2432; x_wconf 62' lang='lat' dir='ltr'>abl.</span> <span class='ocrx_word' id='word_1_609' title='bbox 3488 2375 3527 2430; x_wconf 84' lang='lat' dir='ltr'>l.</span> 
     </span>
     <span class='ocr_line' id='line_1_67' title="bbox 1896 2443 3524 2518; baseline -0.002 -15"><span class='ocrx_word' id='word_1_610' title='bbox 1896 2443 2118 2518; x_wconf 73' lang='lat' dir='ltr'>quidam</span> <span class='ocrx_word' id='word_1_611' title='bbox 2153 2445 2595 2503; x_wconf 69' lang='lat' dir='ltr'>existimaverunt</span> <span class='ocrx_word' id='word_1_612' title='bbox 2631 2461 2718 2504; x_wconf 87' lang='lat'>21.</span> <span class='ocrx_word' id='word_1_613' title='bbox 2744 2443 2819 2516; x_wconf 69' lang='lat' dir='ltr'>ff*</span> <span class='ocrx_word' id='word_1_614' title='bbox 2891 2466 2921 2500; x_wconf 81' lang='lat' dir='ltr'>e</span> <span class='ocrx_word' id='word_1_615' title='bbox 2955 2445 3106 2502; x_wconf 72' lang='lat' dir='ltr'>rebus</span> <span class='ocrx_word' id='word_1_616' title='bbox 3157 2444 3294 2502; x_wconf 82' lang='lat' dir='ltr'>cred.</span> <span class='ocrx_word' id='word_1_617' title='bbox 3330 2445 3370 2501; x_wconf 90' lang='lat' dir='ltr'><strong>l.</strong></span> <span class='ocrx_word' id='word_1_618' title='bbox 3400 2461 3524 2515; x_wconf 77' lang='lat' dir='ltr'>per-</span> 
     </span>
    </p>
   </div>
   <div class='ocr_carea' id='block_1_18' title="bbox 1905 2511 3609 2587">
    <p class='ocr_par' dir='ltr' id='par_1_18' title="bbox 1905 2511 3609 2587">
     <span class='ocr_line' id='line_1_68' title="bbox 1905 2511 3609 2587; baseline 0.001 -16"><span class='ocrx_word' id='word_1_619' title='bbox 1905 2515 2234 2574; x_wconf 81' lang='lat' dir='ltr'>mittendum</span> <span class='ocrx_word' id='word_1_620' title='bbox 2267 2511 2317 2571; x_wconf 86' lang='lat'><strong>8.</strong></span> <span class='ocrx_word' id='word_1_621' title='bbox 2339 2511 2417 2586; x_wconf 55' lang='grc' dir='ltr'>,θῖ</span> <span class='ocrx_word' id='word_1_622' title='bbox 2454 2518 2504 2571; x_wconf 76' lang='grc' dir='ltr'>η’</span> <span class='ocrx_word' id='word_1_623' title='bbox 2530 2529 2655 2584; x_wconf 73' lang='lat' dir='ltr'>pars</span> <span class='ocrx_word' id='word_1_624' title='bbox 2692 2514 2862 2573; x_wconf 75' lang='lat' dir='ltr'>bet-ed.</span> <span class='ocrx_word' id='word_1_625' title='bbox 2893 2529 2994 2584; x_wconf 81' lang='lat' dir='ltr'>pet.</span> <span class='ocrx_word' id='word_1_626' title='bbox 3032 2513 3317 2587; x_wconf 82' lang='lat' dir='ltr'>Potestque</span> <span class='ocrx_word' id='word_1_627' title='bbox 3352 2528 3533 2585; x_wconf 78' lang='lat' dir='ltr'>prote-</span> <span class='ocrx_word' id='word_1_628' title='bbox 3587 2556 3609 2572; x_wconf 70' lang='grc'>.</span> 
     </span>
    </p>
   </div>
   <div class='ocr_carea' id='block_1_19' title="bbox 1895 2581 3529 2727">
    <p class='ocr_par' dir='ltr' id='par_1_19' title="bbox 1895 2581 3529 2727">
     <span class='ocr_line' id='line_1_69' title="bbox 1895 2581 3529 2656; baseline -0.003 -12"><span class='ocrx_word' id='word_1_629' title='bbox 1895 2589 2059 2644; x_wconf 88' lang='lat' dir='ltr'>statio</span> <span class='ocrx_word' id='word_1_630' title='bbox 2093 2581 2465 2656; x_wconf 78' lang='lat' dir='ltr'>hujuscemodi</span> <span class='ocrx_word' id='word_1_631' title='bbox 2503 2586 2669 2642; x_wconf 84' lang='lat' dir='ltr'>tacita</span> <span class='ocrx_word' id='word_1_632' title='bbox 2705 2586 2875 2643; x_wconf 89' lang='lat' dir='ltr'>etiam</span> <span class='ocrx_word' id='word_1_633' title='bbox 2911 2587 3086 2643; x_wconf 87' lang='lat' dir='ltr'>videri</span> <span class='ocrx_word' id='word_1_634' title='bbox 3120 2585 3367 2655; x_wconf 86' lang='lat' dir='ltr'>subesse,</span> <span class='ocrx_word' id='word_1_635' title='bbox 3401 2601 3529 2641; x_wconf 89' lang='lat' dir='ltr'>cum</span> 
     </span>
     <span class='ocr_line' id='line_1_70' title="bbox 1896 2652 3523 2727; baseline 0 -15"><span class='ocrx_word' id='word_1_636' title='bbox 1896 2666 2083 2727; x_wconf 89' lang='lat' dir='ltr'>pater,</span> <span class='ocrx_word' id='word_1_637' title='bbox 2120 2654 2209 2716; x_wconf 86' lang='lat' dir='ltr'>vel</span> <span class='ocrx_word' id='word_1_638' title='bbox 2245 2657 2357 2726; x_wconf 88' lang='lat' dir='ltr'>ipse</span> <span class='ocrx_word' id='word_1_639' title='bbox 2389 2653 2530 2713; x_wconf 86' lang='lat' dir='ltr'>filius</span> <span class='ocrx_word' id='word_1_640' title='bbox 2561 2656 2647 2713; x_wconf 90' lang='lat' dir='ltr'>sui</span> <span class='ocrx_word' id='word_1_641' title='bbox 2681 2652 2816 2725; x_wconf 77' lang='lat' dir='ltr'>juris</span> <span class='ocrx_word' id='word_1_642' title='bbox 2846 2654 3099 2724; x_wconf 62' lang='lat' dir='ltr'>effecius,</span> <span class='ocrx_word' id='word_1_643' title='bbox 3134 2660 3192 2713; x_wconf 92' lang='lat' dir='ltr'>in</span> <span class='ocrx_word' id='word_1_644' title='bbox 3227 2655 3404 2714; x_wconf 89' lang='lat' dir='ltr'>mutui</span> <span class='ocrx_word' id='word_1_645' title='bbox 3439 2673 3523 2712; x_wconf 81' lang='lat' dir='ltr'>se·</span> 
     </span>
    </p>
   </div>
   <div class='ocr_carea' id='block_1_20' title="bbox 189 2722 3529 2801">
    <p class='ocr_par' dir='ltr' id='par_1_20' title="bbox 189 2722 3529 2801">
     <span class='ocr_line' id='line_1_71' title="bbox 189 2722 3529 2801; baseline -0 -19"><span class='ocrx_word' id='word_1_646' title='bbox 189 2724 272 2801; x_wconf 70' lang='lat' dir='ltr'><em>ff</em></span> <span class='ocrx_word' id='word_1_647' title='bbox 327 2723 380 2782; x_wconf 82' lang='lat' dir='ltr'>b.</span> <span class='ocrx_word' id='word_1_648' title='bbox 428 2742 473 2782; x_wconf 87' lang='lat' dir='ltr'>t.</span> <span class='ocrx_word' id='word_1_649' title='bbox 533 2722 682 2785; x_wconf 87' lang='lat' dir='ltr'>Sane</span> <span class='ocrx_word' id='word_1_650' title='bbox 733 2727 780 2784; x_wconf 92' lang='lat' dir='ltr'>si</span> <span class='ocrx_word' id='word_1_651' title='bbox 834 2723 1214 2784; x_wconf 77' lang='lat' dir='ltr'>filiasfamilias</span> <span class='ocrx_word' id='word_1_652' title='bbox 1259 2735 1527 2781; x_wconf 83' lang='lat' dir='ltr'>mercator</span> <span class='ocrx_word' id='word_1_653' title='bbox 1576 2729 1842 2794; x_wconf 86' lang='lat' dir='ltr'>acceperit</span> <span class='ocrx_word' id='word_1_654' title='bbox 1894 2727 2187 2784; x_wconf 74' lang='lat' dir='ltr'>cui-itatem</span> <span class='ocrx_word' id='word_1_655' title='bbox 2221 2742 2334 2793; x_wconf 82' lang='lat' dir='ltr'>rem</span> <span class='ocrx_word' id='word_1_656' title='bbox 2405 2726 2583 2794; x_wconf 80' lang='lat' dir='ltr'>ignoti</span> <span class='ocrx_word' id='word_1_657' title='bbox 2617 2725 2768 2785; x_wconf 83' lang='lat' dir='ltr'>dedit</span> <span class='ocrx_word' id='word_1_658' title='bbox 2787 2767 2805 2796; x_wconf 89' lang='lat'>‚</span> <span class='ocrx_word' id='word_1_659' title='bbox 2858 2725 3044 2785; x_wconf 86' lang='lat' dir='ltr'>debito</span> <span class='ocrx_word' id='word_1_660' title='bbox 3081 2727 3297 2798; x_wconf 86' lang='lat' dir='ltr'>integro</span> <span class='ocrx_word' id='word_1_661' title='bbox 3350 2723 3529 2781; x_wconf 71' lang='lat' dir='ltr'>exsol-</span> 
     </span>
    </p>
   </div>
   <div class='ocr_carea' id='block_1_21' title="bbox 199 2792 1842 4076">
    <p class='ocr_par' dir='ltr' id='par_1_21' title="bbox 199 2792 1840 3162">
     <span class='ocr_line' id='line_1_72' title="bbox 201 2792 1839 2862; baseline -0.003 -6"><span class='ocrx_word' id='word_1_662' title='bbox 201 2804 460 2856; x_wconf 85' lang='lat' dir='ltr'>mutuum</span> <span class='ocrx_word' id='word_1_663' title='bbox 478 2834 498 2862; x_wconf 89' lang='lat'>,</span> <span class='ocrx_word' id='word_1_664' title='bbox 530 2807 840 2856; x_wconf 75' lang='lat' dir='ltr'>mercaturae</span> <span class='ocrx_word' id='word_1_665' title='bbox 877 2793 1066 2857; x_wconf 79' lang='lat' dir='ltr'>favore</span> <span class='ocrx_word' id='word_1_666' title='bbox 1096 2792 1617 2853; x_wconf 85' lang='lat' dir='ltr'>senatusconsultum</span> <span class='ocrx_word' id='word_1_667' title='bbox 1668 2811 1839 2852; x_wconf 76' lang='lat' dir='ltr'>cessa·</span> 
     </span>
     <span class='ocr_line' id='line_1_73' title="bbox 199 2864 1839 2937; baseline -0.003 -11"><span class='ocrx_word' id='word_1_668' title='bbox 199 2886 278 2926; x_wconf 84' lang='lat' dir='ltr'>re</span> <span class='ocrx_word' id='word_1_669' title='bbox 309 2864 515 2936; x_wconf 76' lang='lat' dir='ltr'>placuit</span> <span class='ocrx_word' id='word_1_670' title='bbox 534 2906 554 2937; x_wconf 90' lang='lat'>,</span> <span class='ocrx_word' id='word_1_671' title='bbox 600 2866 751 2925; x_wconf 79' lang='lat' dir='ltr'>salva</span> <span class='ocrx_word' id='word_1_672' title='bbox 784 2880 972 2927; x_wconf 87' lang='lat' dir='ltr'>tamen</span> <span class='ocrx_word' id='word_1_673' title='bbox 1009 2870 1294 2933; x_wconf 77' lang='lat' dir='ltr'>mercatori</span> <span class='ocrx_word' id='word_1_674' title='bbox 1344 2864 1547 2922; x_wconf 86' lang='lat' dir='ltr'>minori</span> <span class='ocrx_word' id='word_1_675' title='bbox 1606 2866 1662 2923; x_wconf 87' lang='lat' dir='ltr'>ln</span> <span class='ocrx_word' id='word_1_676' title='bbox 1698 2865 1839 2925; x_wconf 81' lang='lat' dir='ltr'>inte-</span> 
     </span>
     <span class='ocr_line' id='line_1_74' title="bbox 201 2934 1839 3011; baseline -0.004 -16"><span class='ocrx_word' id='word_1_677' title='bbox 201 2953 366 3011; x_wconf 82' lang='lat' dir='ltr'>grum</span> <span class='ocrx_word' id='word_1_678' title='bbox 397 2938 774 3007; x_wconf 76' lang='lat' dir='ltr'>restitut10ne,</span> <span class='ocrx_word' id='word_1_679' title='bbox 823 2938 872 2994; x_wconf 91' lang='lat' dir='ltr'>si</span> <span class='ocrx_word' id='word_1_680' title='bbox 907 2955 965 2995; x_wconf 84' lang='lat' dir='ltr'>se</span> <span class='ocrx_word' id='word_1_681' title='bbox 1001 2935 1212 2999; x_wconf 87' lang='lat' dir='ltr'>lubrico</span> <span class='ocrx_word' id='word_1_682' title='bbox 1246 2935 1424 2995; x_wconf 68' lang='lat' dir='ltr'>atatis</span> <span class='ocrx_word' id='word_1_683' title='bbox 1473 2946 1695 3006; x_wconf 84' lang='lat' dir='ltr'>captum</span> <span class='ocrx_word' id='word_1_684' title='bbox 1744 2934 1839 2992; x_wconf 85' lang='lat' dir='ltr'>do-</span> 
     </span>
     <span class='ocr_line' id='line_1_75' title="bbox 205 2994 1840 3079; baseline -0.004 -12"><span class='ocrx_word' id='word_1_685' title='bbox 205 3022 351 3077; x_wconf 70' lang='lat' dir='ltr'>cest,</span> <span class='ocrx_word' id='word_1_686' title='bbox 383 3004 816 3079; x_wconf 68' lang='lat' dir='ltr'>Groenevegen</span> <span class='ocrx_word' id='word_1_687' title='bbox 854 3006 925 3064; x_wconf 86' lang='lat' dir='ltr'>ad</span> <span class='ocrx_word' id='word_1_688' title='bbox 959 3006 998 3062; x_wconf 88' lang='lat' dir='ltr'>l.</span> <span class='ocrx_word' id='word_1_689' title='bbox 1034 2994 1176 3079; x_wconf 77' lang='lat'><strong>5.-.§</strong></span> <span class='ocrx_word' id='word_1_690' title='bbox 1221 3023 1285 3070; x_wconf 75' lang='grc' dir='ltr'>ι..</span> <span class='ocrx_word' id='word_1_691' title='bbox 1293 3001 1370 3076; x_wconf 85' lang='lat' dir='ltr'>ff.</span> <span class='ocrx_word' id='word_1_692' title='bbox 1408 3003 1459 3061; x_wconf 78' lang='lat' dir='ltr'>b.</span> <span class='ocrx_word' id='word_1_693' title='bbox 1494 3021 1536 3062; x_wconf 82' lang='lat' dir='ltr'>t.</span> <span class='ocrx_word' id='word_1_694' title='bbox 1596 3002 1840 3065; x_wconf 80' lang='lat' dir='ltr'>Perezius</span> 
     </span>
     <span class='ocr_line' id='line_1_76' title="bbox 203 3072 1799 3162; baseline -0.004 -27"><span class='ocrx_word' id='word_1_695' title='bbox 203 3076 290 3135; x_wconf 76' lang='lat' dir='ltr'>ad</span> <span class='ocrx_word' id='word_1_696' title='bbox 315 3094 360 3135; x_wconf 77' lang='grc' dir='ltr'>ι.</span> <span class='ocrx_word' id='word_1_697' title='bbox 396 3076 457 3135; x_wconf 86' lang='lat' dir='ltr'><strong>C.</strong></span> <span class='ocrx_word' id='word_1_698' title='bbox 498 3081 545 3132; x_wconf 75' lang='lat' dir='ltr'>se·</span> <span class='ocrx_word' id='word_1_699' title='bbox 577 3080 753 3133; x_wconf 72' lang='lat' dir='ltr'>minor</span> <span class='ocrx_word' id='word_1_700' title='bbox 788 3097 844 3132; x_wconf 78' lang='lat' dir='ltr'>se</span> <span class='ocrx_word' id='word_1_701' title='bbox 876 3079 1073 3150; x_wconf 72' lang='lat' dir='ltr'>major.</span> <span class='ocrx_word' id='word_1_702' title='bbox 1112 3075 1309 3135; x_wconf 69' lang='lat' dir='ltr'>dimit</span> <span class='ocrx_word' id='word_1_703' title='bbox 1345 3094 1402 3131; x_wconf 75' lang='lat' dir='ltr'>n.</span> <span class='ocrx_word' id='word_1_704' title='bbox 1437 3073 1537 3135; x_wconf 69' lang='lat' dir='ltr'>ult.</span> <span class='ocrx_word' id='word_1_705' title='bbox 1576 3075 1631 3130; x_wconf 73' lang='lat' dir='ltr'>in</span> <span class='ocrx_word' id='word_1_706' title='bbox 1649 3072 1768 3162; x_wconf 49' lang='lat' dir='ltr'>fin?</span> <span class='ocrx_word' id='word_1_707' title='bbox 1786 3113 1799 3129; x_wconf 95' lang='lat'><strong>.</strong></span> 
     </span>
    </p>

    <p class='ocr_par' dir='ltr' id='par_1_22' title="bbox 199 3141 1842 4076">
     <span class='ocr_line' id='line_1_77' title="bbox 201 3141 1839 3291; baseline -0.002 -15"><span class='ocrx_word' id='word_1_708' title='bbox 201 3143 1270 3288; x_wconf 50' lang='lat' dir='ltr'>aifflffiffiffiissfflffi</span> <span class='ocrx_word' id='word_1_709' title='bbox 1285 3156 1551 3291; x_wconf 52' lang='grc' dir='ltr'>’ξῗᾞῗῧὲἔ</span> <span class='ocrx_word' id='word_1_710' title='bbox 1581 3149 1637 3273; x_wconf 70' lang='lat'>²2¹.</span> <span class='ocrx_word' id='word_1_711' title='bbox 1667 3141 1839 3273; x_wconf 47' lang='lat'>‘3221</span> 
     </span>
     <span class='ocr_line' id='line_1_78' title="bbox 203 3282 1840 3357; baseline -0.005 -10"><span class='ocrx_word' id='word_1_712' title='bbox 203 3282 661 3357; x_wconf 74' lang='lat' dir='ltr'>patremfamilias</span> <span class='ocrx_word' id='word_1_713' title='bbox 691 3285 827 3345; x_wconf 88' lang='lat' dir='ltr'>dolo</span> <span class='ocrx_word' id='word_1_714' title='bbox 857 3285 1006 3343; x_wconf 86' lang='lat' dir='ltr'>malo</span> <span class='ocrx_word' id='word_1_715' title='bbox 1037 3285 1244 3347; x_wconf 77' lang='lat' dir='ltr'>dixerit</span> <span class='ocrx_word' id='word_1_716' title='bbox 1262 3326 1280 3352; x_wconf 92' lang='lat'>,</span> <span class='ocrx_word' id='word_1_717' title='bbox 1314 3289 1370 3345; x_wconf 74' lang='grc' dir='ltr'>ὅ(</span> <span class='ocrx_word' id='word_1_718' title='bbox 1406 3285 1687 3357; x_wconf 82' lang='lat' dir='ltr'>ignoranti</span> <span class='ocrx_word' id='word_1_719' title='bbox 1722 3302 1840 3354; x_wconf 80' lang='lat' dir='ltr'>per-</span> 
     </span>
     <span class='ocr_line' id='line_1_79' title="bbox 199 3352 1837 3427; baseline -0.004 -11"><span class='ocrx_word' id='word_1_720' title='bbox 199 3358 457 3427; x_wconf 78' lang='lat' dir='ltr'>suaserit,</span> <span class='ocrx_word' id='word_1_721' title='bbox 492 3356 543 3413; x_wconf 76' lang='lat' dir='ltr'>si</span> <span class='ocrx_word' id='word_1_722' title='bbox 576 3356 741 3415; x_wconf 85' lang='lat' dir='ltr'>modo</span> <span class='ocrx_word' id='word_1_723' title='bbox 776 3357 1012 3417; x_wconf 76' lang='lat' dir='ltr'>creditor</span> <span class='ocrx_word' id='word_1_724' title='bbox 1047 3374 1200 3415; x_wconf 85' lang='lat' dir='ltr'>suam</span> <span class='ocrx_word' id='word_1_725' title='bbox 1237 3352 1503 3426; x_wconf 82' lang='lat' dir='ltr'>probabili</span> <span class='ocrx_word' id='word_1_726' title='bbox 1540 3356 1754 3413; x_wconf 84' lang='lat' dir='ltr'>ratione</span> <span class='ocrx_word' id='word_1_727' title='bbox 1789 3357 1837 3409; x_wconf 86' lang='lat' dir='ltr'>i-</span> 
     </span>
     <span class='ocr_line' id='line_1_80' title="bbox 199 3422 1837 3501; baseline -0.005 -14"><span class='ocrx_word' id='word_1_728' title='bbox 199 3428 564 3501; x_wconf 65' lang='lat' dir='ltr'>gnorantiam</span> <span class='ocrx_word' id='word_1_729' title='bbox 595 3426 857 3499; x_wconf 79' lang='lat' dir='ltr'>edoceat,</span> <span class='ocrx_word' id='word_1_730' title='bbox 892 3427 927 3485; x_wconf 84' lang='lat' dir='ltr'>l.</span> <span class='ocrx_word' id='word_1_731' title='bbox 971 3443 1020 3482; x_wconf 74' lang='grc' dir='ltr'>ι.</span> <span class='ocrx_word' id='word_1_732' title='bbox 1056 3428 1111 3484; x_wconf 87' lang='lat' dir='ltr'><strong>C.</strong></span> <span class='ocrx_word' id='word_1_733' title='bbox 1150 3422 1203 3484; x_wconf 84' lang='lat' dir='ltr'>b.</span> <span class='ocrx_word' id='word_1_734' title='bbox 1241 3441 1281 3482; x_wconf 81' lang='lat' dir='ltr'>t.</span> <span class='ocrx_word' id='word_1_735' title='bbox 1314 3443 1375 3481; x_wconf 87' lang='lat' dir='ltr'>ar</span> <span class='ocrx_word' id='word_1_736' title='bbox 1416 3465 1430 3479; x_wconf 94' lang='lat'><strong>.</strong></span> <span class='ocrx_word' id='word_1_737' title='bbox 1467 3440 1563 3484; x_wconf 80' lang='lat' dir='ltr'>tot.</span> <span class='ocrx_word' id='word_1_738' title='bbox 1597 3429 1685 3483; x_wconf 81' lang='lat' dir='ltr'>tit.</span> <span class='ocrx_word' id='word_1_739' title='bbox 1722 3422 1837 3483; x_wconf 80' lang='lat' dir='ltr'>Cod.</span> 
     </span>
     <span class='ocr_line' id='line_1_81' title="bbox 199 3443 1837 3569; baseline -0.002 -15"><span class='ocrx_word' id='word_1_740' title='bbox 199 3500 255 3554; x_wconf 71' lang='lat' dir='ltr'>si</span> <span class='ocrx_word' id='word_1_741' title='bbox 285 3501 466 3556; x_wconf 76' lang='lat' dir='ltr'>minor</span> <span class='ocrx_word' id='word_1_742' title='bbox 500 3517 557 3555; x_wconf 80' lang='lat' dir='ltr'>se</span> <span class='ocrx_word' id='word_1_743' title='bbox 591 3499 862 3569; x_wconf 67' lang='lat' dir='ltr'>majorem</span> <span class='ocrx_word' id='word_1_744' title='bbox 892 3497 1081 3555; x_wconf 74' lang='lat' dir='ltr'>dixerit</span> <span class='ocrx_word' id='word_1_745' title='bbox 1099 3537 1118 3567; x_wconf 95' lang='lat'>,</span> <span class='ocrx_word' id='word_1_746' title='bbox 1165 3443 1423 3555; x_wconf 54' lang='lat' dir='ltr'>Menocff.</span> <span class='ocrx_word' id='word_1_747' title='bbox 1479 3494 1546 3550; x_wconf 80' lang='lat' dir='ltr'>de</span> <span class='ocrx_word' id='word_1_748' title='bbox 1573 3509 1837 3563; x_wconf 67' lang='lat' dir='ltr'>pnes-amc.</span> 
     </span>
     <span class='ocr_line' id='line_1_82' title="bbox 199 3562 1837 3637; baseline -0.003 -11"><span class='ocrx_word' id='word_1_749' title='bbox 199 3566 298 3626; x_wconf 66' lang='lat' dir='ltr'>lib.</span> <span class='ocrx_word' id='word_1_750' title='bbox 334 3562 390 3633; x_wconf 77' lang='lat'>3,</span> <span class='ocrx_word' id='word_1_751' title='bbox 423 3582 574 3636; x_wconf 75' lang='lat' dir='ltr'>praes.</span> <span class='ocrx_word' id='word_1_752' title='bbox 611 3565 695 3624; x_wconf 71' lang='lat'>83.</span> <span class='ocrx_word' id='word_1_753' title='bbox 733 3588 881 3629; x_wconf 68' lang='lat' dir='ltr'>nmo.</span> <span class='ocrx_word' id='word_1_754' title='bbox 921 3585 974 3623; x_wconf 81' lang='lat' dir='ltr'>a.</span> <span class='ocrx_word' id='word_1_755' title='bbox 1012 3565 1100 3624; x_wconf 86' lang='lat' dir='ltr'>vel</span> <span class='ocrx_word' id='word_1_756' title='bbox 1132 3571 1378 3631; x_wconf 80' lang='lat' dir='ltr'>omnium</span> <span class='ocrx_word' id='word_1_757' title='bbox 1411 3565 1690 3637; x_wconf 87' lang='lat' dir='ltr'>opinione,</span> <span class='ocrx_word' id='word_1_758' title='bbox 1725 3583 1837 3623; x_wconf 92' lang='lat' dir='ltr'>non</span> 
     </span>
     <span class='ocr_line' id='line_1_83' title="bbox 207 3632 1839 3721; baseline -0.001 -27"><span class='ocrx_word' id='word_1_759' title='bbox 207 3656 360 3721; x_wconf 67' lang='lat' dir='ltr'>vana</span> <span class='ocrx_word' id='word_1_760' title='bbox 391 3636 755 3707; x_wconf 84' lang='lat' dir='ltr'>simplicitate</span> <span class='ocrx_word' id='word_1_761' title='bbox 789 3651 885 3695; x_wconf 84' lang='lat' dir='ltr'>aut</span> <span class='ocrx_word' id='word_1_762' title='bbox 920 3634 1052 3709; x_wconf 79' lang='lat' dir='ltr'>juris</span> <span class='ocrx_word' id='word_1_763' title='bbox 1087 3637 1434 3709; x_wconf 83' lang='lat' dir='ltr'>ignorantia,</span> <span class='ocrx_word' id='word_1_764' title='bbox 1470 3653 1567 3705; x_wconf 81' lang='lat' dir='ltr'>pro</span> <span class='ocrx_word' id='word_1_765' title='bbox 1602 3632 1839 3706; x_wconf 81' lang='lat' dir='ltr'>patresa-</span> 
     </span>
     <span class='ocr_line' id='line_1_84' title="bbox 204 3705 840 3773; baseline 0.006 -8"><span class='ocrx_word' id='word_1_766' title='bbox 204 3706 394 3767; x_wconf 75' lang='lat' dir='ltr'>milias</span> <span class='ocrx_word' id='word_1_767' title='bbox 434 3705 600 3769; x_wconf 82' lang='lat' dir='ltr'>suerit</span> <span class='ocrx_word' id='word_1_768' title='bbox 636 3708 790 3773; x_wconf 82' lang='lat' dir='ltr'>babit</span> <span class='ocrx_word' id='word_1_769' title='bbox 837 3768 840 3769; x_wconf 10' lang='grc' dir='ltr'><em>γ</em></span> 
     </span>
     <span class='ocr_line' id='line_1_85' title="bbox 207 3774 1841 3852; baseline -0.002 -14"><span class='ocrx_word' id='word_1_770' title='bbox 207 3778 444 3851; x_wconf 54' lang='lat' dir='ltr'>hatfeld</span> <span class='ocrx_word' id='word_1_771' title='bbox 476 3777 792 3839; x_wconf 85' lang='lat' dir='ltr'>muneribus</span> <span class='ocrx_word' id='word_1_772' title='bbox 856 3776 1160 3852; x_wconf 85' lang='lat' dir='ltr'>ungebatur</span> <span class='ocrx_word' id='word_1_773' title='bbox 1187 3821 1208 3851; x_wconf 90' lang='lat'>,</span> <span class='ocrx_word' id='word_1_774' title='bbox 1256 3789 1318 3839; x_wconf 89' lang='lat' dir='ltr'>ut</span> <span class='ocrx_word' id='word_1_775' title='bbox 1356 3774 1570 3848; x_wconf 86' lang='lat' dir='ltr'>publice</span> <span class='ocrx_word' id='word_1_776' title='bbox 1602 3775 1841 3845; x_wconf 84' lang='lat' dir='ltr'>paterfa-</span> 
     </span>
     <span class='ocr_line' id='line_1_86' title="bbox 200 3842 1840 3922; baseline -0.005 -13"><span class='ocrx_word' id='word_1_777' title='bbox 200 3849 392 3909; x_wconf 81' lang='lat' dir='ltr'>milias</span> <span class='ocrx_word' id='word_1_778' title='bbox 427 3849 695 3922; x_wconf 74' lang='lat' dir='ltr'>plerisqtie</span> <span class='ocrx_word' id='word_1_779' title='bbox 731 3846 1036 3921; x_wconf 84' lang='lat' dir='ltr'>videretur„</span> <span class='ocrx_word' id='word_1_780' title='bbox 1060 3845 1113 3904; x_wconf 79' lang='lat' dir='ltr'>d.</span> <span class='ocrx_word' id='word_1_781' title='bbox 1133 3848 1172 3906; x_wconf 91' lang='grc' dir='ltr'>Ι.</span> <span class='ocrx_word' id='word_1_782' title='bbox 1207 3843 1260 3906; x_wconf 78' lang='lat'><strong>5.</strong></span> <span class='ocrx_word' id='word_1_783' title='bbox 1293 3864 1372 3919; x_wconf 72' lang='lat' dir='ltr'>pr.</span> <span class='ocrx_word' id='word_1_784' title='bbox 1393 3842 1473 3920; x_wconf 63' lang='grc' dir='ltr'>Εἰ</span> <span class='ocrx_word' id='word_1_785' title='bbox 1512 3845 1562 3903; x_wconf 86' lang='lat' dir='ltr'><strong>b.</strong></span> <span class='ocrx_word' id='word_1_786' title='bbox 1597 3865 1640 3905; x_wconf 84' lang='lat' dir='ltr'>t.</span> <span class='ocrx_word' id='word_1_787' title='bbox 1675 3844 1840 3903; x_wconf 81' lang='lat' dir='ltr'>l.Ze-</span> 
     </span>
     <span class='ocr_line' id='line_1_87' title="bbox 201 3916 1842 3988; baseline -0.002 -10"><span class='ocrx_word' id='word_1_788' title='bbox 201 3919 432 3979; x_wconf 59' lang='lat' dir='ltr'>colorus</span> <span class='ocrx_word' id='word_1_789' title='bbox 467 3934 526 3979; x_wconf 74' lang='lat'><strong>2.</strong></span> <span class='ocrx_word' id='word_1_790' title='bbox 561 3920 680 3977; x_wconf 82' lang='lat' dir='ltr'>Cod.</span> <span class='ocrx_word' id='word_1_791' title='bbox 721 3919 774 3977; x_wconf 84' lang='lat' dir='ltr'><strong>b.</strong></span> <span class='ocrx_word' id='word_1_792' title='bbox 810 3934 851 3977; x_wconf 78' lang='lat' dir='ltr'>t.</span> <span class='ocrx_word' id='word_1_793' title='bbox 905 3917 1115 3988; x_wconf 85' lang='lat' dir='ltr'>Unde,</span> <span class='ocrx_word' id='word_1_794' title='bbox 1162 3923 1205 3977; x_wconf 82' lang='lat' dir='ltr'>si</span> <span class='ocrx_word' id='word_1_795' title='bbox 1239 3920 1349 3979; x_wconf 87' lang='lat' dir='ltr'>duo</span> <span class='ocrx_word' id='word_1_796' title='bbox 1382 3916 1543 3976; x_wconf 85' lang='lat' dir='ltr'>simul</span> <span class='ocrx_word' id='word_1_797' title='bbox 1590 3930 1842 3977; x_wconf 85' lang='lat' dir='ltr'>mutuum</span> 
     </span>
     <span class='ocr_line' id='line_1_88' title="bbox 205 3984 1839 4076; baseline -0.001 -29"><span class='ocrx_word' id='word_1_798' title='bbox 205 3986 572 4049; x_wconf 65' lang='lat' dir='ltr'>filiofimssias</span> <span class='ocrx_word' id='word_1_799' title='bbox 605 3991 988 4076; x_wconf 61' lang='lat' dir='ltr'>credidissent,</span> <span class='ocrx_word' id='word_1_800' title='bbox 1016 4006 1250 4060; x_wconf 86' lang='lat' dir='ltr'>quorum</span> <span class='ocrx_word' id='word_1_801' title='bbox 1282 3987 1421 4046; x_wconf 88' lang='lat' dir='ltr'>alter</span> <span class='ocrx_word' id='word_1_802' title='bbox 1443 3985 1598 4046; x_wconf 81' lang='lat' dir='ltr'>illum</span> <span class='ocrx_word' id='word_1_803' title='bbox 1628 3984 1839 4056; x_wconf 73' lang='lat' dir='ltr'>eiuses-</span> 
     </span>
    </p>
   </div>
   <div class='ocr_carea' id='block_1_22' title="bbox 911 3704 1840 3782">
    <p class='ocr_par' dir='ltr' id='par_1_23' title="bbox 911 3704 1840 3782">
     <span class='ocr_line' id='line_1_89' title="bbox 911 3704 1840 3782; baseline -0.006 -15"><span class='ocrx_word' id='word_1_804' title='bbox 911 3708 1042 3767; x_wconf 86' lang='lat' dir='ltr'>dum</span> <span class='ocrx_word' id='word_1_805' title='bbox 1072 3711 1149 3765; x_wconf 77' lang='lat' dir='ltr'>sic</span> <span class='ocrx_word' id='word_1_806' title='bbox 1184 3704 1399 3782; x_wconf 80' lang='lat' dir='ltr'>agebat,</span> <span class='ocrx_word' id='word_1_807' title='bbox 1433 3710 1509 3762; x_wconf 86' lang='lat' dir='ltr'>sic</span> <span class='ocrx_word' id='word_1_808' title='bbox 1544 3704 1840 3764; x_wconf 87' lang='lat' dir='ltr'>contrahe-</span> 
     </span>
    </p>
   </div>
   <div class='ocr_carea' id='block_1_23' title="bbox 185 4055 3571 4134">
    <p class='ocr_par' dir='ltr' id='par_1_24' title="bbox 185 4055 3571 4134">
     <span class='ocr_line' id='line_1_90' title="bbox 185 4055 3571 4134; baseline -0.002 -13"><span class='ocrx_word' id='word_1_809' title='bbox 185 4080 262 4121; x_wconf 59' lang='lat' dir='ltr'>ae</span> <span class='ocrx_word' id='word_1_810' title='bbox 292 4060 637 4119; x_wconf 80' lang='lat' dir='ltr'>conditionis</span> <span class='ocrx_word' id='word_1_811' title='bbox 669 4060 915 4134; x_wconf 83' lang='lat' dir='ltr'>sciebat,</span> <span class='ocrx_word' id='word_1_812' title='bbox 965 4059 1259 4132; x_wconf 77' lang='lat' dir='ltr'>ignorabat</span> <span class='ocrx_word' id='word_1_813' title='bbox 1311 4057 1492 4131; x_wconf 85' lang='lat' dir='ltr'>alter,</span> <span class='ocrx_word' id='word_1_814' title='bbox 1539 4060 1724 4116; x_wconf 85' lang='lat' dir='ltr'>verius</span> <span class='ocrx_word' id='word_1_815' title='bbox 1751 4057 1840 4115; x_wconf 92' lang='lat' dir='ltr'>di-</span> <span class='ocrx_word' id='word_1_816' title='bbox 1894 4070 2245 4130; x_wconf 75' lang='lat' dir='ltr'>constitutus,</span> <span class='ocrx_word' id='word_1_817' title='bbox 2280 4061 2392 4129; x_wconf 87' lang='lat' dir='ltr'>ipse</span> <span class='ocrx_word' id='word_1_818' title='bbox 2408 4058 2627 4126; x_wconf 86' lang='lat' dir='ltr'>quidem</span> <span class='ocrx_word' id='word_1_819' title='bbox 2667 4074 2914 4115; x_wconf 87' lang='lat' dir='ltr'>nummos</span> <span class='ocrx_word' id='word_1_820' title='bbox 2948 4057 3153 4117; x_wconf 86' lang='lat' dir='ltr'>solutos</span> <span class='ocrx_word' id='word_1_821' title='bbox 3186 4055 3331 4115; x_wconf 87' lang='lat' dir='ltr'>haud</span> <span class='ocrx_word' id='word_1_822' title='bbox 3365 4073 3521 4124; x_wconf 79' lang='lat' dir='ltr'>repe-</span> <span class='ocrx_word' id='word_1_823' title='bbox 3564 4084 3571 4089; x_wconf 91' lang='lat'><strong>·</strong></span> 
     </span>
    </p>
   </div>
   <div class='ocr_carea' id='block_1_24' title="bbox 201 4129 1846 4553">
    <p class='ocr_par' dir='ltr' id='par_1_25' title="bbox 201 4129 1846 4553">
     <span class='ocr_line' id='line_1_91' title="bbox 208 4129 1838 4203; baseline -0.004 -12"><span class='ocrx_word' id='word_1_824' title='bbox 208 4130 455 4193; x_wconf 72' lang='lat' dir='ltr'>cendum</span> <span class='ocrx_word' id='word_1_825' title='bbox 483 4144 585 4203; x_wconf 85' lang='lat' dir='ltr'>est,</span> <span class='ocrx_word' id='word_1_826' title='bbox 617 4136 836 4202; x_wconf 84' lang='lat' dir='ltr'>utrique</span> <span class='ocrx_word' id='word_1_827' title='bbox 869 4148 1102 4200; x_wconf 71' lang='lat' dir='ltr'>nocere,</span> <span class='ocrx_word' id='word_1_828' title='bbox 1138 4147 1260 4189; x_wconf 86' lang='lat' dir='ltr'>cum</span> <span class='ocrx_word' id='word_1_829' title='bbox 1284 4133 1541 4201; x_wconf 84' lang='lat' dir='ltr'>ignorans</span> <span class='ocrx_word' id='word_1_830' title='bbox 1559 4129 1838 4198; x_wconf 88' lang='lat' dir='ltr'>inquiren-</span> 
     </span>
     <span class='ocr_line' id='line_1_92' title="bbox 203 4196 1840 4272; baseline -0.002 -11"><span class='ocrx_word' id='word_1_831' title='bbox 203 4202 454 4261; x_wconf 82' lang='lat' dir='ltr'>do-scire</span> <span class='ocrx_word' id='word_1_832' title='bbox 487 4206 748 4271; x_wconf 81' lang='lat' dir='ltr'>potuisset</span> <span class='ocrx_word' id='word_1_833' title='bbox 781 4212 945 4272; x_wconf 83' lang='lat' dir='ltr'>atque</span> <span class='ocrx_word' id='word_1_834' title='bbox 976 4201 1254 4263; x_wconf 86' lang='lat' dir='ltr'>debuisset</span> <span class='ocrx_word' id='word_1_835' title='bbox 1303 4216 1376 4256; x_wconf 73' lang='lat' dir='ltr'>ex</span> <span class='ocrx_word' id='word_1_836' title='bbox 1406 4196 1581 4257; x_wconf 85' lang='lat' dir='ltr'>altero</span> <span class='ocrx_word' id='word_1_837' title='bbox 1611 4199 1840 4257; x_wconf 86' lang='lat' dir='ltr'>creden-</span> 
     </span>
     <span class='ocr_line' id='line_1_93' title="bbox 205 4260 1846 4342; baseline -0.005 -10"><span class='ocrx_word' id='word_1_838' title='bbox 205 4273 268 4332; x_wconf 83' lang='lat' dir='ltr'>di</span> <span class='ocrx_word' id='word_1_839' title='bbox 306 4289 403 4330; x_wconf 87' lang='lat' dir='ltr'>reo</span> <span class='ocrx_word' id='word_1_840' title='bbox 426 4312 448 4339; x_wconf 83' lang='lat'>,</span> <span class='ocrx_word' id='word_1_841' title='bbox 497 4272 876 4331; x_wconf 83' lang='lat' dir='ltr'>conditionem</span> <span class='ocrx_word' id='word_1_842' title='bbox 909 4269 1026 4341; x_wconf 76' lang='lat' dir='ltr'>eius</span> <span class='ocrx_word' id='word_1_843' title='bbox 1094 4284 1323 4342; x_wconf 86' lang='lat' dir='ltr'>quocum</span> <span class='ocrx_word' id='word_1_844' title='bbox 1357 4260 1715 4328; x_wconf 81' lang='lat' dir='ltr'>contrahebat</span> <span class='ocrx_word' id='word_1_845' title='bbox 1732 4311 1751 4340; x_wconf 90' lang='lat'>,</span> <span class='ocrx_word' id='word_1_846' title='bbox 1805 4271 1846 4324; x_wconf 79' lang='lat' dir='ltr'>l.</span> 
     </span>
     <span class='ocr_line' id='line_1_94' title="bbox 201 4314 1838 4418; baseline -0.002 -21"><span class='ocrx_word' id='word_1_847' title='bbox 201 4343 358 4417; x_wconf 46' lang='lat' dir='ltr'>inm,</span> <span class='ocrx_word' id='word_1_848' title='bbox 380 4346 432 4399; x_wconf 74' lang='lat' dir='ltr'>si</span> <span class='ocrx_word' id='word_1_849' title='bbox 449 4334 654 4418; x_wconf 55' lang='lat' dir='ltr'>filiun(</span> <span class='ocrx_word' id='word_1_850' title='bbox 701 4357 752 4414; x_wconf 89' lang='lat'><strong>7.</strong></span> <span class='ocrx_word' id='word_1_851' title='bbox 780 4336 832 4416; x_wconf 59' lang='grc' dir='ltr'><strong><em>ᾗ.</em></strong></span> <span class='ocrx_word' id='word_1_852' title='bbox 865 4314 1080 4412; x_wconf 57' lang='lat' dir='ltr'>mind}</span> <span class='ocrx_word' id='word_1_853' title='bbox 1126 4339 1191 4405; x_wconf 62' lang='grc' dir='ltr'>Θ</span> <span class='ocrx_word' id='word_1_854' title='bbox 1227 4345 1277 4398; x_wconf 79' lang='lat' dir='ltr'>si</span> <span class='ocrx_word' id='word_1_855' title='bbox 1310 4354 1364 4412; x_wconf 84' lang='lat'><strong>7.</strong></span> <span class='ocrx_word' id='word_1_856' title='bbox 1387 4338 1464 4413; x_wconf 68' lang='lat' dir='ltr'>&#39;ff&#39;</span> <span class='ocrx_word' id='word_1_857' title='bbox 1507 4340 1559 4398; x_wconf 80' lang='lat' dir='ltr'><strong>b.</strong></span> <span class='ocrx_word' id='word_1_858' title='bbox 1596 4355 1637 4396; x_wconf 80' lang='lat' dir='ltr'>t.</span> <span class='ocrx_word' id='word_1_859' title='bbox 1672 4334 1838 4409; x_wconf 62' lang='lat' dir='ltr'>jun&amp;</span> 
     </span>
     <span class='ocr_line' id='line_1_95' title="bbox 205 4409 1839 4486; baseline -0.002 -17"><span class='ocrx_word' id='word_1_860' title='bbox 205 4412 252 4473; x_wconf 76' lang='lat' dir='ltr'>l.</span> <span class='ocrx_word' id='word_1_861' title='bbox 287 4414 383 4480; x_wconf 76' lang='lat' dir='ltr'>qui</span> <span class='ocrx_word' id='word_1_862' title='bbox 420 4432 548 4471; x_wconf 72' lang='lat' dir='ltr'>cum</span> <span class='ocrx_word' id='word_1_863' title='bbox 579 4414 688 4471; x_wconf 76' lang='lat' dir='ltr'>alio</span> <span class='ocrx_word' id='word_1_864' title='bbox 727 4429 750 4471; x_wconf 82' lang='grc' dir='ltr'>ι</span> <span class='ocrx_word' id='word_1_865' title='bbox 795 4453 809 4468; x_wconf 93' lang='grc'>.</span> <span class='ocrx_word' id='word_1_866' title='bbox 837 4409 907 4483; x_wconf 69' lang='lat' dir='ltr'><em>ffi</em></span> <span class='ocrx_word' id='word_1_867' title='bbox 943 4413 1009 4468; x_wconf 79' lang='lat' dir='ltr'>de</span> <span class='ocrx_word' id='word_1_868' title='bbox 1046 4432 1145 4485; x_wconf 77' lang='lat' dir='ltr'>reg.</span> <span class='ocrx_word' id='word_1_869' title='bbox 1170 4411 1341 4486; x_wconf 67' lang='lat' dir='ltr'>juris,</span> <span class='ocrx_word' id='word_1_870' title='bbox 1392 4415 1450 4472; x_wconf 71' lang='grc' dir='ltr'>ἃ</span> <span class='ocrx_word' id='word_1_871' title='bbox 1487 4422 1839 4469; x_wconf 85' lang='lat' dir='ltr'>senatuscon-</span> 
     </span>
     <span class='ocr_line' id='line_1_96' title="bbox 215 4426 876 4553; baseline 0.011 -14"><span class='ocrx_word' id='word_1_872' title='bbox 215 4482 350 4539; x_wconf 79' lang='lat' dir='ltr'>sulti</span> <span class='ocrx_word' id='word_1_873' title='bbox 384 4483 638 4553; x_wconf 77' lang='lat' dir='ltr'>exceptio</span> <span class='ocrx_word' id='word_1_874' title='bbox 668 4482 722 4542; x_wconf 87' lang='lat' dir='ltr'>ei</span> <span class='ocrx_word' id='word_1_875' title='bbox 753 4426 876 4545; x_wconf 58' lang='lat' dir='ltr'>geru</span> 
     </span>
    </p>
   </div>
   <div class='ocr_carea' id='block_1_25' title="bbox 209 4569 784 4775">
    <p class='ocr_par' dir='ltr' id='par_1_26' title="bbox 209 4569 784 4775">
     <span class='ocr_line' id='line_1_97' title="bbox 216 4569 285 4620; baseline 0 0"><span class='ocrx_word' id='word_1_876' title='bbox 216 4569 285 4620; x_wconf 70' lang='grc' dir='ltr'>ΒΟ</span> 
     </span>
     <span class='ocr_line' id='line_1_98' title="bbox 209 4620 784 4775; baseline 0.01 -24"><span class='ocrx_word' id='word_1_877' title='bbox 209 4620 285 4751; x_wconf 52' lang='grc' dir='ltr'><strong><em>ζ.</em></strong></span> <span class='ocrx_word' id='word_1_878' title='bbox 320 4692 407 4756; x_wconf 82' lang='lat'>15.</span> <span class='ocrx_word' id='word_1_879' title='bbox 447 4688 516 4761; x_wconf 59' lang='grc' dir='ltr'>θ’</span> <span class='ocrx_word' id='word_1_880' title='bbox 551 4715 690 4775; x_wconf 64' lang='lat' dir='ltr'>seqq.</span> <span class='ocrx_word' id='word_1_881' title='bbox 775 4744 784 4757; x_wconf 84' lang='lat'><strong>.</strong></span> 
     </span>
    </p>
   </div>
   <div class='ocr_carea' id='block_1_26' title="bbox 1897 2793 3523 2938">
    <p class='ocr_par' dir='ltr' id='par_1_27' title="bbox 1897 2793 3523 2938">
     <span class='ocr_line' id='line_1_99' title="bbox 1898 2793 3518 2868; baseline 0 -17"><span class='ocrx_word' id='word_1_882' title='bbox 1898 2797 2076 2855; x_wconf 80' lang='lat' dir='ltr'>vendo</span> <span class='ocrx_word' id='word_1_883' title='bbox 2109 2793 2253 2854; x_wconf 85' lang='lat' dir='ltr'>haud</span> <span class='ocrx_word' id='word_1_884' title='bbox 2287 2814 2349 2862; x_wconf 83' lang='lat' dir='ltr'>su</span> <span class='ocrx_word' id='word_1_885' title='bbox 2415 2802 2687 2861; x_wconf 82' lang='lat' dir='ltr'>cientem3</span> <span class='ocrx_word' id='word_1_886' title='bbox 2738 2814 2848 2868; x_wconf 88' lang='lat' dir='ltr'>quo</span> <span class='ocrx_word' id='word_1_887' title='bbox 2880 2813 3007 2854; x_wconf 90' lang='lat' dir='ltr'>casu</span> <span class='ocrx_word' id='word_1_888' title='bbox 3043 2795 3322 2866; x_wconf 86' lang='lat' dir='ltr'>obtinuit,</span> <span class='ocrx_word' id='word_1_889' title='bbox 3357 2810 3518 2854; x_wconf 82' lang='lat' dir='ltr'>sena-</span> 
     </span>
     <span class='ocr_line' id='line_1_100' title="bbox 1897 2864 3523 2938; baseline 0 -17"><span class='ocrx_word' id='word_1_890' title='bbox 1897 2864 2219 2926; x_wconf 87' lang='lat' dir='ltr'>tusconsulti</span> <span class='ocrx_word' id='word_1_891' title='bbox 2247 2867 2617 2936; x_wconf 80' lang='lat' dir='ltr'>exceptionem</span> <span class='ocrx_word' id='word_1_892' title='bbox 2654 2882 2766 2921; x_wconf 88' lang='lat' dir='ltr'>non</span> <span class='ocrx_word' id='word_1_893' title='bbox 2805 2864 2947 2924; x_wconf 88' lang='lat' dir='ltr'>ultra</span> <span class='ocrx_word' id='word_1_894' title='bbox 2980 2866 3359 2938; x_wconf 86' lang='lat' dir='ltr'>denegandam</span> <span class='ocrx_word' id='word_1_895' title='bbox 3384 2882 3523 2935; x_wconf 85' lang='lat' dir='ltr'>esse,</span> 
     </span>
    </p>
   </div>
   <div class='ocr_carea' id='block_1_27' title="bbox 1896 2934 3590 3076">
    <p class='ocr_par' dir='ltr' id='par_1_28' title="bbox 1896 2934 3590 3076">
     <span class='ocr_line' id='line_1_101' title="bbox 1896 2934 3590 3076; baseline -0.002 -82"><span class='ocrx_word' id='word_1_896' title='bbox 1896 2953 2057 3006; x_wconf 85' lang='lat' dir='ltr'>quam</span> <span class='ocrx_word' id='word_1_897' title='bbox 2091 2953 2254 3008; x_wconf 88' lang='lat' dir='ltr'>usque</span> <span class='ocrx_word' id='word_1_898' title='bbox 2288 2936 2638 3076; x_wconf 44' lang='lat' dir='ltr'>atbpiinoris</span> <span class='ocrx_word' id='word_1_899' title='bbox 2687 2942 3091 3007; x_wconf 65' lang='lat' dir='ltr'>quantitatem,</span> <span class='ocrx_word' id='word_1_900' title='bbox 3145 2935 3181 2990; x_wconf 91' lang='lat' dir='ltr'>l.</span> <span class='ocrx_word' id='word_1_901' title='bbox 3223 2934 3320 2990; x_wconf 82' lang='lat' dir='ltr'>sed</span> <span class='ocrx_word' id='word_1_902' title='bbox 3348 2938 3396 2992; x_wconf 81' lang='lat' dir='ltr'>si</span> <span class='ocrx_word' id='word_1_903' title='bbox 3424 2949 3529 3003; x_wconf 71' lang='lat' dir='ltr'>pq-</span> <span class='ocrx_word' id='word_1_904' title='bbox 3582 2954 3590 2961; x_wconf 95' lang='lat'><strong>·</strong></span> 
     </span>
    </p>
   </div>
   <div class='ocr_carea' id='block_1_28' title="bbox 1894 3004 3527 3708">
    <p class='ocr_par' dir='ltr' id='par_1_29' title="bbox 1894 3004 3527 3708">
     <span class='ocr_line' id='line_1_102' title="bbox 1895 3004 2307 3081; baseline 0.002 -20"><span class='ocrx_word' id='word_1_905' title='bbox 1895 3004 2112 3081; x_wconf 69' lang='lat' dir='ltr'>tufam.</span> <span class='ocrx_word' id='word_1_906' title='bbox 2147 3020 2202 3079; x_wconf 88' lang='lat'>9.</span> <span class='ocrx_word' id='word_1_907' title='bbox 2235 3020 2307 3075; x_wconf 69' lang='lat' dir='ltr'>pr.</span> 
     </span>
     <span class='ocr_line' id='line_1_103' title="bbox 1895 3073 3527 3147; baseline 0.001 -16"><span class='ocrx_word' id='word_1_908' title='bbox 1895 3077 2061 3135; x_wconf 87' lang='lat' dir='ltr'>modo</span> <span class='ocrx_word' id='word_1_909' title='bbox 2093 3076 2341 3133; x_wconf 83' lang='lat' dir='ltr'>accessio</span> <span class='ocrx_word' id='word_1_910' title='bbox 2383 3074 2627 3146; x_wconf 69' lang='lat' dir='ltr'>quadam</span> <span class='ocrx_word' id='word_1_911' title='bbox 2661 3076 2733 3132; x_wconf 82' lang='lat' dir='ltr'>sit</span> <span class='ocrx_word' id='word_1_912' title='bbox 2753 3119 2771 3147; x_wconf 89' lang='lat'>‚</span> <span class='ocrx_word' id='word_1_913' title='bbox 2824 3077 3114 3136; x_wconf 87' lang='lat' dir='ltr'>absurdum</span> <span class='ocrx_word' id='word_1_914' title='bbox 3174 3089 3328 3144; x_wconf 84' lang='lat' dir='ltr'>oret,</span> <span class='ocrx_word' id='word_1_915' title='bbox 3377 3073 3527 3133; x_wconf 71' lang='lat' dir='ltr'>ultra</span> 
     </span>
     <span class='ocr_line' id='line_1_104' title="bbox 1897 3142 3527 3217; baseline -0.001 -16"><span class='ocrx_word' id='word_1_916' title='bbox 1897 3147 2124 3217; x_wconf 85' lang='lat' dir='ltr'>pretium</span> <span class='ocrx_word' id='word_1_917' title='bbox 2177 3144 2286 3215; x_wconf 77' lang='lat' dir='ltr'>ejus</span> <span class='ocrx_word' id='word_1_918' title='bbox 2319 3146 2500 3204; x_wconf 88' lang='lat' dir='ltr'>minus</span> <span class='ocrx_word' id='word_1_919' title='bbox 2546 3142 2819 3203; x_wconf 78' lang='lat' dir='ltr'>efficacem</span> <span class='ocrx_word' id='word_1_920' title='bbox 2873 3145 3073 3204; x_wconf 82' lang='lat' dir='ltr'>firmari</span> <span class='ocrx_word' id='word_1_921' title='bbox 3127 3144 3527 3215; x_wconf 80' lang='lat' dir='ltr'>obligationem</span> 
     </span>
     <span class='ocr_line' id='line_1_105' title="bbox 1896 3213 3522 3289; baseline -0.001 -17"><span class='ocrx_word' id='word_1_922' title='bbox 1896 3214 2249 3288; x_wconf 84' lang='lat' dir='ltr'>principalem</span> <span class='ocrx_word' id='word_1_923' title='bbox 2270 3257 2284 3273; x_wconf 93' lang='lat'><strong>.</strong></span> <span class='ocrx_word' id='word_1_924' title='bbox 2333 3213 2500 3289; x_wconf 81' lang='lat' dir='ltr'>Quod</span> <span class='ocrx_word' id='word_1_925' title='bbox 2532 3215 2684 3272; x_wconf 86' lang='lat' dir='ltr'>enim</span> <span class='ocrx_word' id='word_1_926' title='bbox 2718 3213 2913 3274; x_wconf 85' lang='lat' dir='ltr'>Zoesio</span> <span class='ocrx_word' id='word_1_927' title='bbox 2945 3216 3148 3286; x_wconf 85' lang='lat' dir='ltr'>placuit</span> <span class='ocrx_word' id='word_1_928' title='bbox 3202 3214 3254 3272; x_wconf 88' lang='lat' dir='ltr'><strong>b.</strong></span> <span class='ocrx_word' id='word_1_929' title='bbox 3292 3232 3335 3271; x_wconf 81' lang='grc' dir='ltr'>τ.</span> <span class='ocrx_word' id='word_1_930' title='bbox 3369 3235 3522 3271; x_wconf 81' lang='lat' dir='ltr'>num.</span> 
     </span>
     <span class='ocr_line' id='line_1_106' title="bbox 1895 3281 3527 3359; baseline -0.002 -17"><span class='ocrx_word' id='word_1_931' title='bbox 1895 3281 1987 3343; x_wconf 80' lang='lat'><strong>23.</strong></span> <span class='ocrx_word' id='word_1_932' title='bbox 2024 3285 2169 3343; x_wconf 84' lang='lat' dir='ltr'>hanc</span> <span class='ocrx_word' id='word_1_933' title='bbox 2203 3293 2504 3359; x_wconf 74' lang='lat' dir='ltr'>suggerere</span> <span class='ocrx_word' id='word_1_934' title='bbox 2532 3285 2867 3344; x_wconf 79' lang='lat' dir='ltr'>diversitatis</span> <span class='ocrx_word' id='word_1_935' title='bbox 2914 3289 3185 3348; x_wconf 84' lang='lat' dir='ltr'>rationem</span> <span class='ocrx_word' id='word_1_936' title='bbox 3240 3285 3387 3342; x_wconf 90' lang='lat' dir='ltr'>inter</span> <span class='ocrx_word' id='word_1_937' title='bbox 3438 3286 3527 3353; x_wconf 82' lang='lat' dir='ltr'>pi·-</span> 
     </span>
     <span class='ocr_line' id='line_1_107' title="bbox 1895 3354 3527 3429; baseline -0.001 -17"><span class='ocrx_word' id='word_1_938' title='bbox 1895 3374 2037 3429; x_wconf 88' lang='lat' dir='ltr'>gnus</span> <span class='ocrx_word' id='word_1_939' title='bbox 2069 3361 2294 3414; x_wconf 88' lang='lat' dir='ltr'>minoris</span> <span class='ocrx_word' id='word_1_940' title='bbox 2321 3354 2506 3413; x_wconf 89' lang='lat' dir='ltr'>valens</span> <span class='ocrx_word' id='word_1_941' title='bbox 2543 3375 2641 3426; x_wconf 87' lang='lat' dir='ltr'>pro</span> <span class='ocrx_word' id='word_1_942' title='bbox 2674 3369 2864 3414; x_wconf 86' lang='lat' dir='ltr'>mutuo</span> <span class='ocrx_word' id='word_1_943' title='bbox 2896 3355 3226 3428; x_wconf 85' lang='lat' dir='ltr'>obligatum,</span> <span class='ocrx_word' id='word_1_944' title='bbox 3260 3357 3317 3413; x_wconf 73' lang='grc' dir='ltr'>δι’</span> <span class='ocrx_word' id='word_1_945' title='bbox 3354 3360 3527 3421; x_wconf 84' lang='lat' dir='ltr'>partis</span> 
     </span>
     <span class='ocr_line' id='line_1_108' title="bbox 1894 3424 3523 3499; baseline -0.002 -15"><span class='ocrx_word' id='word_1_946' title='bbox 1894 3426 2242 3496; x_wconf 77' lang='lat' dir='ltr'>sobuionem,</span> <span class='ocrx_word' id='word_1_947' title='bbox 2275 3427 2419 3499; x_wconf 83' lang='lat' dir='ltr'>quod</span> <span class='ocrx_word' id='word_1_948' title='bbox 2443 3424 2641 3485; x_wconf 85' lang='lat' dir='ltr'>solutio</span> <span class='ocrx_word' id='word_1_949' title='bbox 2674 3438 2975 3495; x_wconf 86' lang='lat' dir='ltr'>spontanea</span> <span class='ocrx_word' id='word_1_950' title='bbox 3011 3427 3182 3499; x_wconf 89' lang='lat' dir='ltr'>magis</span> <span class='ocrx_word' id='word_1_951' title='bbox 3202 3425 3297 3495; x_wconf 82' lang='lat' dir='ltr'>sit,</span> <span class='ocrx_word' id='word_1_952' title='bbox 3328 3426 3523 3493; x_wconf 84' lang='lat' dir='ltr'>pigno—</span> 
     </span>
     <span class='ocr_line' id='line_1_109' title="bbox 1896 3494 3517 3566; baseline -0.002 -13"><span class='ocrx_word' id='word_1_953' title='bbox 1896 3498 1970 3553; x_wconf 85' lang='lat' dir='ltr'>ris</span> <span class='ocrx_word' id='word_1_954' title='bbox 2006 3513 2134 3554; x_wconf 80' lang='lat' dir='ltr'>vero</span> <span class='ocrx_word' id='word_1_955' title='bbox 2149 3496 2302 3555; x_wconf 79' lang='lat' dir='ltr'>datio</span> <span class='ocrx_word' id='word_1_956' title='bbox 2320 3494 2545 3561; x_wconf 63' lang='lat' dir='ltr'>coa3a3</span> <span class='ocrx_word' id='word_1_957' title='bbox 2582 3495 2925 3564; x_wconf 84' lang='lat' dir='ltr'>probandum</span> <span class='ocrx_word' id='word_1_958' title='bbox 2958 3495 3376 3566; x_wconf 86' lang='lat' dir='ltr'>haudquaquam</span> <span class='ocrx_word' id='word_1_959' title='bbox 3410 3510 3517 3563; x_wconf 87' lang='lat' dir='ltr'>est,</span> 
     </span>
     <span class='ocr_line' id='line_1_110' title="bbox 1897 3563 3523 3636; baseline 0 -13"><span class='ocrx_word' id='word_1_960' title='bbox 1897 3585 1995 3624; x_wconf 86' lang='lat' dir='ltr'>nec</span> <span class='ocrx_word' id='word_1_961' title='bbox 2034 3563 2167 3625; x_wconf 82' lang='lat' dir='ltr'>facit</span> <span class='ocrx_word' id='word_1_962' title='bbox 2202 3567 2418 3636; x_wconf 87' lang='lat' dir='ltr'>penitus</span> <span class='ocrx_word' id='word_1_963' title='bbox 2449 3566 2522 3629; x_wconf 87' lang='lat' dir='ltr'>ad</span> <span class='ocrx_word' id='word_1_964' title='bbox 2560 3583 2677 3624; x_wconf 87' lang='lat' dir='ltr'>rem</span> <span class='ocrx_word' id='word_1_965' title='bbox 2712 3579 3053 3635; x_wconf 66' lang='lat' dir='ltr'>praesentem:</span> <span class='ocrx_word' id='word_1_966' title='bbox 3093 3566 3221 3635; x_wconf 90' lang='lat' dir='ltr'>quia</span> <span class='ocrx_word' id='word_1_967' title='bbox 3293 3563 3389 3621; x_wconf 90' lang='lat' dir='ltr'>ubi</span> <span class='ocrx_word' id='word_1_968' title='bbox 3424 3567 3523 3623; x_wconf 89' lang='lat' dir='ltr'>de-</span> 
     </span>
     <span class='ocr_line' id='line_1_111' title="bbox 1898 3632 3525 3708; baseline -0.002 -16"><span class='ocrx_word' id='word_1_969' title='bbox 1898 3635 2075 3693; x_wconf 80' lang='lat' dir='ltr'>bitum</span> <span class='ocrx_word' id='word_1_970' title='bbox 2108 3635 2218 3695; x_wconf 88' lang='lat' dir='ltr'>tale</span> <span class='ocrx_word' id='word_1_971' title='bbox 2250 3636 2435 3697; x_wconf 74' lang='lat' dir='ltr'>subest</span> <span class='ocrx_word' id='word_1_972' title='bbox 2526 3636 2670 3708; x_wconf 80' lang='lat' dir='ltr'>quod</span> <span class='ocrx_word' id='word_1_973' title='bbox 2706 3632 3133 3703; x_wconf 67' lang='lat' dir='ltr'>efficacemnon</span> <span class='ocrx_word' id='word_1_974' title='bbox 3174 3633 3242 3689; x_wconf 89' lang='lat' dir='ltr'>ha</span> <span class='ocrx_word' id='word_1_975' title='bbox 3285 3651 3338 3692; x_wconf 84' lang='lat' dir='ltr'>et</span> <span class='ocrx_word' id='word_1_976' title='bbox 3394 3650 3525 3691; x_wconf 78' lang='lat' dir='ltr'>exa-</span> 
     </span>
    </p>
   </div>
   <div class='ocr_carea' id='block_1_29' title="bbox 1875 3676 3518 3779">
    <p class='ocr_par' dir='ltr' id='par_1_30' title="bbox 1875 3676 3518 3779">
     <span class='ocr_line' id='line_1_112' title="bbox 1875 3676 3518 3779; baseline -0.002 -15"><span class='ocrx_word' id='word_1_977' title='bbox 1875 3703 2150 3779; x_wconf 62' lang='lat' dir='ltr'>fiionem,</span> <span class='ocrx_word' id='word_1_978' title='bbox 2184 3705 2342 3778; x_wconf 79' lang='lat' dir='ltr'>quale</span> <span class='ocrx_word' id='word_1_979' title='bbox 2377 3676 2560 3766; x_wconf 73' lang='lat' dir='ltr'>&amp;boc</span> <span class='ocrx_word' id='word_1_980' title='bbox 2595 3718 2841 3764; x_wconf 88' lang='lat' dir='ltr'>nostrum</span> <span class='ocrx_word' id='word_1_981' title='bbox 2873 3719 2972 3777; x_wconf 84' lang='lat' dir='ltr'>est,</span> <span class='ocrx_word' id='word_1_982' title='bbox 3010 3723 3123 3763; x_wconf 90' lang='lat' dir='ltr'>non</span> <span class='ocrx_word' id='word_1_983' title='bbox 3151 3710 3328 3761; x_wconf 87' lang='lat' dir='ltr'>minus</span> <span class='ocrx_word' id='word_1_984' title='bbox 3347 3722 3518 3773; x_wconf 85' lang='lat' dir='ltr'>spon·-</span> 
     </span>
    </p>
   </div>
   <div class='ocr_carea' id='block_1_30' title="bbox 1895 3775 3527 4074">
    <p class='ocr_par' dir='ltr' id='par_1_31' title="bbox 1895 3775 3527 4074">
     <span class='ocr_line' id='line_1_113' title="bbox 1897 3775 3521 3847; baseline -0.002 -13"><span class='ocrx_word' id='word_1_985' title='bbox 1897 3790 2118 3835; x_wconf 78' lang='lat' dir='ltr'>taneam</span> <span class='ocrx_word' id='word_1_986' title='bbox 2148 3788 2366 3843; x_wconf 80' lang='lat' dir='ltr'>constat</span> <span class='ocrx_word' id='word_1_987' title='bbox 2401 3776 2642 3847; x_wconf 86' lang='lat' dir='ltr'>pignoris</span> <span class='ocrx_word' id='word_1_988' title='bbox 2693 3776 2971 3834; x_wconf 88' lang='lat' dir='ltr'>dationem</span> <span class='ocrx_word' id='word_1_989' title='bbox 3022 3793 3184 3845; x_wconf 88' lang='lat' dir='ltr'>quam</span> <span class='ocrx_word' id='word_1_990' title='bbox 3217 3775 3393 3833; x_wconf 85' lang='lat' dir='ltr'>debiti</span> <span class='ocrx_word' id='word_1_991' title='bbox 3428 3792 3521 3831; x_wconf 88' lang='lat' dir='ltr'>so-</span> 
     </span>
     <span class='ocr_line' id='line_1_114' title="bbox 1898 3843 3527 3936; baseline 0 -33"><span class='ocrx_word' id='word_1_992' title='bbox 1898 3845 2162 3936; x_wconf 36' lang='lat' dir='ltr'>lutio-nem</span> <span class='ocrx_word' id='word_1_993' title='bbox 2196 3863 2347 3913; x_wconf 80' lang='lat' dir='ltr'>esse3</span> <span class='ocrx_word' id='word_1_994' title='bbox 2407 3848 2543 3905; x_wconf 85' lang='lat' dir='ltr'>dum</span> <span class='ocrx_word' id='word_1_995' title='bbox 2590 3846 2665 3904; x_wconf 86' lang='lat' dir='ltr'>ad</span> <span class='ocrx_word' id='word_1_996' title='bbox 2695 3858 2955 3907; x_wconf 87' lang='lat' dir='ltr'>neutrum</span> <span class='ocrx_word' id='word_1_997' title='bbox 3007 3843 3255 3916; x_wconf 84' lang='lat' dir='ltr'>compelli</span> <span class='ocrx_word' id='word_1_998' title='bbox 3307 3857 3527 3915; x_wconf 84' lang='lat' dir='ltr'>potest,</span> 
     </span>
     <span class='ocr_line' id='line_1_115' title="bbox 1895 3915 3527 4074; baseline -0.004 -27"><span class='ocrx_word' id='word_1_999' title='bbox 1895 3915 2481 4074; x_wconf 34' lang='lat' dir='ltr'>quibifiuffibestifflm</span> <span class='ocrx_word' id='word_1_1000' title='bbox 2513 3984 2734 4046; x_wconf 84' lang='lat' dir='ltr'>solverit</span> <span class='ocrx_word' id='word_1_1001' title='bbox 2771 3986 2950 4046; x_wconf 88' lang='lat' dir='ltr'>adhuc</span> <span class='ocrx_word' id='word_1_1002' title='bbox 2986 3987 3045 4045; x_wconf 88' lang='lat' dir='ltr'>in</span> <span class='ocrx_word' id='word_1_1003' title='bbox 3080 3988 3253 4047; x_wconf 86' lang='lat' dir='ltr'>sacris</span> <span class='ocrx_word' id='word_1_1004' title='bbox 3281 3985 3527 4055; x_wconf 77' lang='lat' dir='ltr'>paternis</span> 
     </span>
    </p>
   </div>
   <div class='ocr_carea' id='block_1_31' title="bbox 1895 4126 3527 4482">
    <p class='ocr_par' dir='ltr' id='par_1_32' title="bbox 1895 4126 3527 4482">
     <span class='ocr_line' id='line_1_116' title="bbox 1895 4126 3522 4199; baseline -0.003 -14"><span class='ocrx_word' id='word_1_1005' title='bbox 1895 4127 1990 4199; x_wconf 88' lang='lat' dir='ltr'>tit,</span> <span class='ocrx_word' id='word_1_1006' title='bbox 2028 4130 2147 4186; x_wconf 85' lang='lat' dir='ltr'>sive</span> <span class='ocrx_word' id='word_1_1007' title='bbox 2175 4135 2305 4186; x_wconf 84' lang='lat' dir='ltr'>vivo</span> <span class='ocrx_word' id='word_1_1008' title='bbox 2335 4138 2491 4196; x_wconf 88' lang='lat' dir='ltr'>patre</span> <span class='ocrx_word' id='word_1_1009' title='bbox 2521 4145 2586 4185; x_wconf 85' lang='lat' dir='ltr'>ac</span> <span class='ocrx_word' id='word_1_1010' title='bbox 2619 4127 2854 4188; x_wconf 88' lang='lat' dir='ltr'>durante</span> <span class='ocrx_word' id='word_1_1011' title='bbox 2887 4130 3066 4197; x_wconf 86' lang='lat' dir='ltr'>patria</span> <span class='ocrx_word' id='word_1_1012' title='bbox 3100 4138 3364 4196; x_wconf 88' lang='lat' dir='ltr'>potestate</span> <span class='ocrx_word' id='word_1_1013' title='bbox 3385 4165 3406 4195; x_wconf 89' lang='lat'>,</span> <span class='ocrx_word' id='word_1_1014' title='bbox 3440 4126 3522 4182; x_wconf 86' lang='lat' dir='ltr'>si-</span> 
     </span>
     <span class='ocr_line' id='line_1_117' title="bbox 1896 4194 3527 4269; baseline 0 -17"><span class='ocrx_word' id='word_1_1015' title='bbox 1896 4216 1964 4258; x_wconf 83' lang='lat' dir='ltr'>ve</span> <span class='ocrx_word' id='word_1_1016' title='bbox 1998 4216 2067 4257; x_wconf 90' lang='lat' dir='ltr'>eo</span> <span class='ocrx_word' id='word_1_1017' title='bbox 2101 4194 2209 4269; x_wconf 86' lang='lat' dir='ltr'>jam</span> <span class='ocrx_word' id='word_1_1018' title='bbox 2245 4209 2484 4268; x_wconf 87' lang='lat' dir='ltr'>mortuo,</span> <span class='ocrx_word' id='word_1_1019' title='bbox 2519 4197 2660 4256; x_wconf 88' lang='lat' dir='ltr'>etsii</span> <span class='ocrx_word' id='word_1_1020' title='bbox 2700 4215 2755 4255; x_wconf 85' lang='lat' dir='ltr'>se</span> <span class='ocrx_word' id='word_1_1021' title='bbox 2788 4200 2933 4268; x_wconf 86' lang='lat' dir='ltr'>patri</span> <span class='ocrx_word' id='word_1_1022' title='bbox 2970 4197 3121 4258; x_wconf 84' lang='lat' dir='ltr'>heres</span> <span class='ocrx_word' id='word_1_1023' title='bbox 3155 4201 3251 4267; x_wconf 87' lang='lat' dir='ltr'>sit,</span> <span class='ocrx_word' id='word_1_1024' title='bbox 3287 4198 3324 4252; x_wconf 91' lang='lat' dir='ltr'>l.</span> <span class='ocrx_word' id='word_1_1025' title='bbox 3345 4198 3399 4251; x_wconf 73' lang='lat' dir='ltr'>si</span> <span class='ocrx_word' id='word_1_1026' title='bbox 3414 4214 3527 4252; x_wconf 74' lang='lat' dir='ltr'>non</span> 
     </span>
     <span class='ocr_line' id='line_1_118' title="bbox 1896 4262 3524 4341; baseline -0.003 -16"><span class='ocrx_word' id='word_1_1027' title='bbox 1896 4283 2092 4325; x_wconf 70' lang='lat' dir='ltr'>sortem</span> <span class='ocrx_word' id='word_1_1028' title='bbox 2126 4266 2217 4327; x_wconf 73' lang='grc'>36.</span> <span class='ocrx_word' id='word_1_1029' title='bbox 2254 4262 2307 4339; x_wconf 79' lang='lat'><strong>§.</strong></span> <span class='ocrx_word' id='word_1_1030' title='bbox 2327 4265 2482 4336; x_wconf 71' lang='lat' dir='ltr'>filius·</span> <span class='ocrx_word' id='word_1_1031' title='bbox 2500 4264 2659 4341; x_wconf 73' lang='lat' dir='ltr'>fami</span> <span class='ocrx_word' id='word_1_1032' title='bbox 2678 4271 2762 4324; x_wconf 78' lang='lat' dir='ltr'>iar</span> <span class='ocrx_word' id='word_1_1033' title='bbox 2796 4281 2859 4339; x_wconf 59' lang='lat'>9.</span> <span class='ocrx_word' id='word_1_1034' title='bbox 2885 4265 2954 4336; x_wconf 75' lang='lat' dir='ltr'><em>ffi</em></span> <span class='ocrx_word' id='word_1_1035' title='bbox 2987 4268 3055 4324; x_wconf 77' lang='lat' dir='ltr'>de</span> <span class='ocrx_word' id='word_1_1036' title='bbox 3087 4266 3308 4333; x_wconf 58' lang='lat' dir='ltr'>condidi.</span> <span class='ocrx_word' id='word_1_1037' title='bbox 3346 4264 3524 4322; x_wconf 79' lang='lat' dir='ltr'>indeb.</span> 
     </span>
     <span class='ocr_line' id='line_1_119' title="bbox 1896 4332 3519 4411; baseline -0.004 -14"><span class='ocrx_word' id='word_1_1038' title='bbox 1896 4338 1989 4397; x_wconf 85' lang='lat' dir='ltr'>sed</span> <span class='ocrx_word' id='word_1_1039' title='bbox 2020 4352 2203 4396; x_wconf 87' lang='lat' dir='ltr'>tamen</span> <span class='ocrx_word' id='word_1_1040' title='bbox 2238 4350 2392 4411; x_wconf 88' lang='lat' dir='ltr'>pater</span> <span class='ocrx_word' id='word_1_1041' title='bbox 2423 4332 2538 4405; x_wconf 69' lang='lat' dir='ltr'>eius</span> <span class='ocrx_word' id='word_1_1042' title='bbox 2572 4334 2696 4394; x_wconf 88' lang='lat' dir='ltr'>illos</span> <span class='ocrx_word' id='word_1_1043' title='bbox 2729 4350 3030 4410; x_wconf 77' lang='lat' dir='ltr'>extantes,</span> <span class='ocrx_word' id='word_1_1044' title='bbox 3070 4337 3195 4396; x_wconf 87' lang='lat' dir='ltr'>licet</span> <span class='ocrx_word' id='word_1_1045' title='bbox 3236 4334 3519 4393; x_wconf 81' lang='lat' dir='ltr'>filiofami-</span> 
     </span>
     <span class='ocr_line' id='line_1_120' title="bbox 1898 4407 3521 4482; baseline -0.002 -17"><span class='ocrx_word' id='word_1_1046' title='bbox 1898 4407 1995 4466; x_wconf 88' lang='lat' dir='ltr'>lias</span> <span class='ocrx_word' id='word_1_1047' title='bbox 2027 4409 2286 4479; x_wconf 84' lang='lat' dir='ltr'>donatos,</span> <span class='ocrx_word' id='word_1_1048' title='bbox 2324 4407 2607 4466; x_wconf 80' lang='lat' dir='ltr'>vindicare</span> <span class='ocrx_word' id='word_1_1049' title='bbox 2639 4420 2814 4478; x_wconf 86' lang='lat' dir='ltr'>potest</span> <span class='ocrx_word' id='word_1_1050' title='bbox 2832 4451 2852 4482; x_wconf 97' lang='lat'>,</span> <span class='ocrx_word' id='word_1_1051' title='bbox 2886 4411 3015 4480; x_wconf 82' lang='lat' dir='ltr'>quia</span> <span class='ocrx_word' id='word_1_1052' title='bbox 3051 4407 3164 4478; x_wconf 78' lang='lat' dir='ltr'>jure</span> <span class='ocrx_word' id='word_1_1053' title='bbox 3182 4408 3383 4476; x_wconf 65' lang='lat' dir='ltr'>,patriae</span> <span class='ocrx_word' id='word_1_1054' title='bbox 3418 4425 3521 4476; x_wconf 85' lang='lat' dir='ltr'>po-</span> 
     </span>
    </p>
   </div>
   <div class='ocr_carea' id='block_1_32' title="bbox 286 4477 3523 4698">
    <p class='ocr_par' dir='ltr' id='par_1_33' title="bbox 286 4477 3523 4698">
     <span class='ocr_line' id='line_1_121' title="bbox 880 4477 3523 4553; baseline -0.003 -12"><span class='ocrx_word' id='word_1_1055' title='bbox 880 4499 980 4541; x_wconf 80' lang='lat' dir='ltr'>um</span> <span class='ocrx_word' id='word_1_1056' title='bbox 1005 4501 1121 4543; x_wconf 83' lang='lat' dir='ltr'>non</span> <span class='ocrx_word' id='word_1_1057' title='bbox 1156 4481 1370 4551; x_wconf 83' lang='lat' dir='ltr'>obstet,</span> <span class='ocrx_word' id='word_1_1058' title='bbox 1430 4486 1524 4553; x_wconf 76' lang='lat' dir='ltr'>qui</span> <span class='ocrx_word' id='word_1_1059' title='bbox 1556 4482 1696 4539; x_wconf 78' lang='lat' dir='ltr'>scire</span> <span class='ocrx_word' id='word_1_1060' title='bbox 1727 4497 1840 4539; x_wconf 86' lang='lat' dir='ltr'>non</span> <span class='ocrx_word' id='word_1_1061' title='bbox 1895 4482 2107 4537; x_wconf 83' lang='lat' dir='ltr'>testatis</span> <span class='ocrx_word' id='word_1_1062' title='bbox 2139 4478 2433 4537; x_wconf 88' lang='lat' dir='ltr'>eorundem</span> <span class='ocrx_word' id='word_1_1063' title='bbox 2451 4478 2705 4536; x_wconf 85' lang='lat' dir='ltr'>dominus</span> <span class='ocrx_word' id='word_1_1064' title='bbox 2737 4491 2859 4546; x_wconf 73' lang='lat' dir='ltr'>est5</span> <span class='ocrx_word' id='word_1_1065' title='bbox 2894 4490 3206 4537; x_wconf 86' lang='lat' dir='ltr'>consumtos</span> <span class='ocrx_word' id='word_1_1066' title='bbox 3237 4477 3474 4535; x_wconf 79' lang='lat' dir='ltr'>condicit</span> <span class='ocrx_word' id='word_1_1067' title='bbox 3496 4495 3523 4543; x_wconf 69' lang='grc' dir='ltr'><strong><em>ς.</em></strong></span> 
     </span>
     <span class='ocr_line' id='line_1_122' title="bbox 286 4546 3522 4626; baseline -0.001 -17"><span class='ocrx_word' id='word_1_1068' title='bbox 286 4552 422 4623; x_wconf 68' lang='lat' dir='ltr'>mit,</span> <span class='ocrx_word' id='word_1_1069' title='bbox 445 4550 870 4615; x_wconf 75' lang='lat' dir='ltr'>filiumfamilias</span> <span class='ocrx_word' id='word_1_1070' title='bbox 901 4573 1012 4614; x_wconf 89' lang='lat' dir='ltr'>esse</span> <span class='ocrx_word' id='word_1_1071' title='bbox 1044 4568 1174 4613; x_wconf 87' lang='lat' dir='ltr'>eum</span> <span class='ocrx_word' id='word_1_1072' title='bbox 1223 4552 1311 4610; x_wconf 89' lang='lat' dir='ltr'>cui</span> <span class='ocrx_word' id='word_1_1073' title='bbox 1344 4550 1620 4626; x_wconf 79' lang='lat' dir='ltr'>credebat,</span> <span class='ocrx_word' id='word_1_1074' title='bbox 1653 4557 1837 4623; x_wconf 63' lang='lat'>1:901.</span> <span class='ocrx_word' id='word_1_1075' title='bbox 1898 4550 2003 4607; x_wconf 87' lang='lat' dir='ltr'>nisi</span> <span class='ocrx_word' id='word_1_1076' title='bbox 2038 4567 2102 4607; x_wconf 90' lang='lat' dir='ltr'>ea</span> <span class='ocrx_word' id='word_1_1077' title='bbox 2137 4549 2253 4622; x_wconf 86' lang='lat' dir='ltr'>lege</span> <span class='ocrx_word' id='word_1_1078' title='bbox 2303 4546 2652 4607; x_wconf 78' lang='lat' dir='ltr'>filiofamilias</span> <span class='ocrx_word' id='word_1_1079' title='bbox 2706 4549 2900 4609; x_wconf 86' lang='lat' dir='ltr'>donati</span> <span class='ocrx_word' id='word_1_1080' title='bbox 2936 4552 3155 4619; x_wconf 73' lang='lat' dir='ltr'>essent,</span> <span class='ocrx_word' id='word_1_1081' title='bbox 3204 4559 3267 4611; x_wconf 83' lang='lat' dir='ltr'>ut</span> <span class='ocrx_word' id='word_1_1082' title='bbox 3301 4548 3351 4601; x_wconf 84' lang='lat' dir='ltr'>is</span> <span class='ocrx_word' id='word_1_1083' title='bbox 3385 4546 3522 4607; x_wconf 83' lang='lat' dir='ltr'>inde</span> 
     </span>
     <span class='ocr_line' id='line_1_123' title="bbox 321 4616 3523 4698; baseline -0.003 -16"><span class='ocrx_word' id='word_1_1084' title='bbox 321 4622 371 4679; x_wconf 85' lang='lat' dir='ltr'>b·</span> <span class='ocrx_word' id='word_1_1085' title='bbox 411 4640 454 4682; x_wconf 82' lang='lat' dir='ltr'>t.</span> <span class='ocrx_word' id='word_1_1086' title='bbox 491 4621 701 4685; x_wconf 70' lang='lat' dir='ltr'>Confer</span> <span class='ocrx_word' id='word_1_1087' title='bbox 737 4620 1098 4694; x_wconf 75' lang='lat' dir='ltr'>Menochium</span> <span class='ocrx_word' id='word_1_1088' title='bbox 1168 4664 1183 4685; x_wconf 82' lang='lat'><strong>.</strong></span> <span class='ocrx_word' id='word_1_1089' title='bbox 1217 4620 1314 4686; x_wconf 71' lang='lat' dir='ltr'>lib.</span> <span class='ocrx_word' id='word_1_1090' title='bbox 1344 4618 1404 4685; x_wconf 79' lang='grc'>5.</span> <span class='ocrx_word' id='word_1_1091' title='bbox 1432 4638 1696 4698; x_wconf 72' lang='lat' dir='ltr'>praesumt.</span> <span class='ocrx_word' id='word_1_1092' title='bbox 1748 4617 1852 4680; x_wconf 78' lang='lat'><strong>88..</strong></span> <span class='ocrx_word' id='word_1_1093' title='bbox 1895 4620 2149 4679; x_wconf 83' lang='lat' dir='ltr'>creditori</span> <span class='ocrx_word' id='word_1_1094' title='bbox 2183 4618 2455 4687; x_wconf 84' lang='lat' dir='ltr'>solveret,-</span> <span class='ocrx_word' id='word_1_1095' title='bbox 2489 4620 2616 4688; x_wconf 83' lang='lat' dir='ltr'>quia</span> <span class='ocrx_word' id='word_1_1096' title='bbox 2650 4632 2786 4681; x_wconf 73' lang='lat' dir='ltr'>tunc</span> <span class='ocrx_word' id='word_1_1097' title='bbox 2822 4636 2855 4677; x_wconf 89' lang='lat' dir='ltr'>a</span> <span class='ocrx_word' id='word_1_1098' title='bbox 2889 4621 3158 4679; x_wconf 82' lang='lat' dir='ltr'>donatore</span> <span class='ocrx_word' id='word_1_1099' title='bbox 3191 4616 3523 4676; x_wconf 86' lang='lat' dir='ltr'>adcredito-</span> 
     </span>
    </p>
   </div>
   <div class='ocr_carea' id='block_1_33' title="bbox 1899 4684 3525 4765">
    <p class='ocr_par' dir='ltr' id='par_1_34' title="bbox 1899 4684 3525 4765">
     <span class='ocr_line' id='line_1_124' title="bbox 1899 4684 3525 4765; baseline -0.006 -12"><span class='ocrx_word' id='word_1_1100' title='bbox 1899 4708 2017 4753; x_wconf 80' lang='lat' dir='ltr'>rem</span> <span class='ocrx_word' id='word_1_1101' title='bbox 2049 4691 2293 4765; x_wconf 76' lang='lat' dir='ltr'>protinus</span> <span class='ocrx_word' id='word_1_1102' title='bbox 2326 4692 2554 4762; x_wconf 75' lang='lat' dir='ltr'>pecunia</span> <span class='ocrx_word' id='word_1_1103' title='bbox 2591 4688 2808 4750; x_wconf 80' lang='lat' dir='ltr'>videtur</span> <span class='ocrx_word' id='word_1_1104' title='bbox 2841 4686 3107 4762; x_wconf 58' lang='lat' dir='ltr'>profetia,</span> <span class='ocrx_word' id='word_1_1105' title='bbox 3139 4689 3175 4745; x_wconf 84' lang='lat' dir='ltr'>l.</span> <span class='ocrx_word' id='word_1_1106' title='bbox 3210 4684 3309 4743; x_wconf 76' lang='lat' dir='ltr'>ced</span> <span class='ocrx_word' id='word_1_1107' title='bbox 3334 4690 3384 4745; x_wconf 80' lang='lat' dir='ltr'>si</span> <span class='ocrx_word' id='word_1_1108' title='bbox 3416 4705 3525 4760; x_wconf 70' lang='lat' dir='ltr'>pa.-</span> 
     </span>
    </p>
   </div>
   <div class='ocr_carea' id='block_1_34' title="bbox 2481 3000 3611 3076">
    <p class='ocr_par' dir='ltr' id='par_1_35' title="bbox 2481 3000 3611 3076">
     <span class='ocr_line' id='line_1_125' title="bbox 2481 3000 3611 3076; baseline -0.003 -14"><span class='ocrx_word' id='word_1_1109' title='bbox 2481 3044 2496 3063; x_wconf 94' lang='grc'>.</span> <span class='ocrx_word' id='word_1_1110' title='bbox 2533 3021 2577 3062; x_wconf 87' lang='lat' dir='ltr'>t.</span> <span class='ocrx_word' id='word_1_1111' title='bbox 2634 3000 2711 3063; x_wconf 75' lang='lat' dir='ltr'>Et</span> <span class='ocrx_word' id='word_1_1112' title='bbox 2746 3024 2896 3076; x_wconf 87' lang='lat' dir='ltr'>sane,</span> <span class='ocrx_word' id='word_1_1113' title='bbox 2932 3023 3056 3063; x_wconf 88' lang='lat' dir='ltr'>curn</span> <span class='ocrx_word' id='word_1_1114' title='bbox 3092 3010 3146 3075; x_wconf 88' lang='lat' dir='ltr'>pi</span> <span class='ocrx_word' id='word_1_1115' title='bbox 3189 3025 3286 3064; x_wconf 89' lang='lat' dir='ltr'>nus</span> <span class='ocrx_word' id='word_1_1116' title='bbox 3321 3004 3526 3063; x_wconf 86' lang='lat' dir='ltr'>solum-</span> <span class='ocrx_word' id='word_1_1117' title='bbox 3605 3032 3611 3037; x_wconf 92' lang='lat'><strong>·</strong></span> 
     </span>
    </p>
   </div>
   <div class='ocr_carea' id='block_1_35' title="bbox 3580 5246 3861 5308">
    <p class='ocr_par' dir='ltr' id='par_1_36' title="bbox 3580 5246 3861 5308">
     <span class='ocr_line' id='line_1_126' title="bbox 3580 5246 3861 5308; baseline 0 0"><span class='ocrx_word' id='word_1_1118' title='bbox 3580 5246 3861 5308; x_wconf 53' lang='lat' dir='ltr'>*A</span> 
     </span>
    </p>
   </div>
  </div>
 </body>
</html>
