3971 5383
655 95 742 163 52

550 187 883 247 demandata:
918 202 1042 248 sunt
1063 233 1081 261 ,
1117 194 1190 247 lta
1229 187 1338 246 fere
1371 186 1675 254 expeditum
1709 197 1790 244 est
1811 228 1829 257 ,
1879 204 1991 243 non
2026 185 2170 242 ultra

1779 98 1918 159 Lib.
1973 93 2221 160 XXIII.
2274 97 2396 162 Tit.
2449 97 2532 158 11.

2302 205 2415 243 roo.
2453 187 2594 244 Cum
2626 198 2807 243 autem
2856 202 2887 242 e
2988 190 3187 243 rientia
3234 184 3513 256 docuerit,
3566 185 3792 246 ”cunda

552 275 642 316 sex
677 276 881 316 menses
928 277 962 315 a
995 274 1169 316 morte
1205 261 1361 325 primi
1393 258 1580 312 mariti
1629 257 1845 312 viduam
1902 274 1933 311 a
1968 258 2170 325 nuptiis
2229 263 2441 326 nuptias
2476 257 2668 324 prioris
2704 255 2850 312 thori
2889 254 2926 309 li
2997 261 3068 312 ris
3102 259 3382 316 damnosas
3414 273 3523 313 esse
3545 297 3563 324 ,
3593 257 3715 314 adeo
3741 269 3790 315 ut

551 331 794 389 secundis
833 330 1186 398 repellendam
1221 347 1365 395 esse,
1400 330 1446 383 si
1481 344 1550 383 ex
1587 329 1787 382 marito
1823 332 2000 394 priore
2036 342 2169 393 proe-
2226 329 2281 386 ἃ
2317 340 2512 383 matres
2548 328 2802 382 vitricum
2834 325 3303 393 superinducentes
3321 340 3690 396 praesumantur
3704 326 3793 395 ple-

551 419 725 471 gnans
760 419 870 458 non
891 410 984 472 sit,
1021 399 1432 468 Echtreglement
1466 417 1573 453 van
1593 397 1653 451 de
1673 397 1860 451 Staten
1906 392 2178 450 Generaal

557 471 638 526 iti.
662 471 861 526 Martii
891 471 1039 529 1656.
1077 485 1182 525 art.
1205 469 1290 525 52.
1313 468 1409 522 vol.
1434 483 1484 521 2.
1517 467 1699 535 placit:
1718 466 1856 521 Holl.
1866 481 1987 590 ᾖσε.
2009 462 2167 531 2440.

553 542 840 610 appendix
876 543 1207 599 decisionum
1239 551 1352 606 post
1383 553 1626 603 responsa
1663 537 1842 592 lut-isc.
1925 534 2010 588 all.
2029 549 2166 601 part.

551 610 603 668 5.
643 614 740 671 vol.
769 632 812 667 ι.
845 629 957 688 pag.
977 610 1030 667 8.
1067 607 1289 668 lacobus
1305 605 1484 663 Coren
1520 608 1693 661 aemil.
1724 623 1800 661 ιι.
1824 603 2169 662 Groenewe-

588 703 655 742 en
693 681 773 736 ad
801 683 837 738 l.
866 703 908 740 ι.
947 684 1001 737 C.
1040 679 1104 734 de
1140 676 1374 733 secundis
1393 679 1587 742 nuptiis
1607 696 1629 740 ,-
1663 673 1913 731 Leeuven
1952 691 2170 728 censura

539 701 743 825 ¹§ot-em.
765 771 878 824 pur.
902 772 946 809 1.
984 749 1072 807 lib.
1101 768 1143 805 1.
1163 761 1272 813 cap.
1303 743 1381 801 ιδ.
1405 766 1457 800 η.
1477 761 1560 815 27.
1581 743 1664 800 28.
1707 744 1898 801 Parens
1974 758 2162 796 ,meum

551 824 748 883 Paulus
786 823 926 882 Voet
962 821 1042 876 ad
1070 813 1121 890 §.
1159 836 1239 874 ιι.
1279 815 1459 871 Inscit.
1499 817 1561 870 de
1600 817 1792 885 nuptiis
1830 834 1882 868 n.
1920 763 1971 868 ἕ.
2016 809 2168 866 Ouid

550 894 679 965 iuris
712 902 812 962 sit,
861 893 1091 966 quidque
1127 887 1580 956 praesumendum,
1633 891 1678 941 si
1710 885 1781 940 ob
1818 885 1980 936 nimis
2015 867 2168 936 festi-

549 981 705 1021 natas
743 965 999 1021 secundas
1035 958 1250 1026 nuptias
1305 955 1448 1011 haud
1504 956 1636 1011 satis
1688 965 1933 1022 constet,
1987 963 2169 1006 utrum

553 1049 738 1104 partus
767 1032 945 1090 editus
1012 1047 1078 1086 ex
1100 1031 1270 1096 primo
1324 1041 1396 1080 an
1433 1043 1499 1080 ex
1533 1025 1770 1081 secundo
1804 1025 2004 1079 marito
2035 1036 2168 1075 con·

550 1117 735 1172 ceptus
768 1104 859 1172 sit,
893 1098 1094 1160 ditium
1127 1098 1211 1152 tit.
1284 1115 1311 1149 e
1352 1095 1451 1164 bis,
1486 1097 1575 1166 qm·
1611 1097 1695 1150 sui
1730 1093 1816 1149 vel
1829 1092 1995 1147 alieni
2018 1089 2167 1159 juris

553 1191 697 1243 sunt,
733 1194 784 1228 n.
806 1184 859 1241 9.

620 1256 709 1313 99.
746 1238 907 1315 Quod
944 1245 987 1295 si
1021 1240 1243 1294 maritus
1278 1235 1437 1305 absit,
1472 1252 1533 1290 ac
1569 1245 1772 1291 certum
1807 1233 1898 1300 sit,
1931 1245 2054 1286 eum
2083 1228 2166 1280 vi-

551 1332 672 1369 vere
694 1354 710 1381 ,
758 1310 911 1366 nullo
944 1309 1107 1365 modo
1143 1307 1298 1380 uxori
1331 1303 1442 1374 ejus
1476 1302 1704 1361 liberum
1756 1316 1832 1359 est
1871 1299 2032 1356 alteri
2068 1314 2166 1352 nu-

550 1381 695 1450 bere,
730 1383 936 1453 quoties
973 1375 1114 1445 justa
1151 1376 1401 1433 absentia
1437 1391 1593 1430 causa
1629 1385 1731 1442 est,
1765 1371 1932 1428 veluti
1950 1367 2168 1436 expedi—

549 1456 630 1508 tio
665 1455 952 1516 militaris,
987 1448 1111 1504 licet
1149 1465 1246 1502 nec
1286 1446 1465 1500 literas
1502 1461 1598 1500 nec
1618 1457 1930 1510 responsum
1950 1437 2168 1505 aliquod

552 1538 586 1576 a
621 1538 720 1577 suo
755 1524 952 1575 marito
988 1518 1262 1586 receperit,
1299 1512 1480 1569 novell.
1520 1526 1635 1580 ¹¹7·
1659 1528 1767 1578 cap.
1795 1526 1873 1565 ιι.
1895 1513 1952 1564 in
1968 1524 2043 1576 pr.
2066 1504 2165 1562 Sin

550 1590 795 1661 dubium,
829 1607 897 1644 an
921 1593 1088 1656 vivat,
1128 1604 1226 1641 nec
1267 1601 1371 1651 ne3
1409 1582 1466 1636 in
1490 1583 1802 1651 ecquidem,
1839 1583 1927 1646 qui
1963 1577 2033 1632 ab
2070 1574 2166 1630 ho-

546 1660 721 1717 stibus
754 1657 937 1726 captus
972 1655 1097 1724 suit,
1133 1655 1489 1711 alustiniano
1522 1656 1879 1707 constitutum
1914 1662 2013 1717 est,
2036 1657 2166 1713 -post

547 1729 900 1802 quinquennii
936 1727 1167 1795 spatium
1201 1724 1317 1778 sine
1352 1720 1586 1789 periculo
1619 1722 1893 1778 mulierem
1948 1719 2018 1773 ad
2061 1715 2166 1770 alia

547 1817 698 1868 posse
739 1814 864 1855 vota
901 1795 1148 1862 transire,
1183 1793 1365 1848 novell.
1391 1805 1475 1846 22.
1516 1806 1625 1860 cap.
1648 1806 1699 1861 7.
1739 1791 1877 1845 iniis
1898 1806 2044 1851 vero,
2075 1787 2166 1858 qui

547 1874 609 1924 in
646 1869 982 1937 expeditione
1016 1861 1400 1931 versantes‚ab
1423 1861 1662 1919 hostibus
1696 1865 1836 1928 capti
1876 1874 1983 1912 non
2021 1870 2168 1924 sunt,

546 1937 937 2007 expefiiandum
970 1937 1198 1996 omniuo
1229 1951 1340 1987 esse
1359 1932 1611 2002 reditum,
1647 1949 1744 1988 nec
1782 1926 2042 1985 uxoribus
2076 1944 2166 1981 eo·

547 2025 670 2063 rum
706 2014 921 2076 nuptias
954 2004 1087 2059 alias
1121 2002 1508 2070 permittendas
1540 2021 1688 2070 esse,
1743 2001 1849 2055 nisi
1882 1997 1949 2053 de
1983 1995 2167 2050 mariti

548 2092 722 2134 morte
759 2074 935 2145 jurato
969 2075 1243 2142 deponant
1281 2069 1594 2127 chartularii
1632 2073 1776 2126 illius
1813 2068 2056 2135 numeri,
2112 2070 2165 2120 in

550 2166 657 2217 quo
691 2149 949 2202 militavit
971 2184 988 2212 ,
1040 2145 1096 2200 δε
1133 2143 1275 2198 inter
1312 2137 1503 2196 horum
1540 2142 1912 2199 testimonium
1966 2153 2032 2189 ac
2086 2152 2166 2189 se-

549 2218 751 2274 cundas
785 2216 1023 2272 mulieris
1077 2215 1292 2278 nuptias
1325 2212 1460 2265 anni
1495 2217 1724 2279 spatium
1777 2205 2166 2263 intercesserit:

513 2325 522 2335 .
551 2285 636 2342 his
671 2288 816 2343 enini
852 2302 960 2342 non
998 2280 1315 2349 observatis,
1350 2282 1405 2338 &
1443 2282 1612 2347 ipsam
1650 2284 1702 2338 &
1740 2277 2032 2334 secundum
2053 2290 2167 2327 ma-

550 2356 721 2412 ritum
754 2354 1006 2410 adulterii
1040 2351 1205 2418 poenis
1242 2346 1398 2417 pleat
1432 2349 1662 2416 debere;
1695 2349 1786 2406 sed
1817 2349 1892 2413 «St,
1930 2347 1973 2400 si
1997 2346 2167 2397 maxi-

551 2441 641 2479 me
678 2423 762 2480 his
792 2422 1092 2480 observatis
1127 2420 1317 2477 mulier
1376 2420 1445 2476 ad
1480 2421 1629 2478 aliud
1667 2418 1940 2475 transierit
1976 2417 2168 2469 matri-

550 2498 834 2561 monium,
902 2494 1156 2560 deinceps
1209 2507 1337 2547 vero
1391 2491 1536 2558 prior
1588 2493 1816 2545 maritus
1866 2487 2169 2542 etiamnum

553 2577 810 2632 superstes
845 2574 1166 2632 revertatur,
1203 2559 1476 2618 licentiam
1512 2566 1564 2617 ei
1597 2555 2004 2616 concedendam
2040 2571 2169 2623 esse,

551 2638 595 2690 si
633 2633 899 2702 voluerit,
952 2648 1173 2690 uxorem
1211 2630 1545 2699 recipiendi3
1585 2646 1754 2698 ·poena
1816 2629 1872 2680 in
1911 2621 2073 2679 falsos
2104 2640 2168 2678 ac

586 2701 787 2773 erjuros
822 2716 981 2760 testes
1016 2701 1348 2759 decernenda
1370 2746 1387 2773 ,
1422 2701 1605 2756 novell.
1661 2713 1782 2769 ¹¹7·
1821 2710 1932 2763 cap.
1980 2711 2061 2750 ιι.
2104 2690 2165 2749 ln

632 2774 742 2844 lgio
776 2770 1059 2828 Foederato
1099 2770 1389 2841 judicatum
1441 2769 1604 2826 refert
1644 2768 1940 2842 Reydanus
1996 2783 2168 2821 anna·-

548 2844 685 2899 lium
721 2840 811 2896 tib.
859 2840 935 2896 18.
993 2840 1363 2900 Bommeliano
1396 2843 1609 2899 cuidam
1644 2854 1771 2895 ante
1804 2840 1938 2893 duos
1990 2837 2045 2892 δε
2085 2835 2167 2887 vi-

547 2912 690 2983 ginti
725 2927 898 2968 annos
930 2923 1108 2982 capto,
1144 2928 1265 2966 cum
1305 2930 1541 2969 reversus
1579 2906 2047 2979 conjugem·suam
2084 2900 2168 2958 al-

548 2986 650 3036 teri
688 2994 914 3050 nuptam
949 2988 1259 3050 reperisset,
1317 2998 1542 3039 uxorem
1591 2976 1980 3037 restituendam
2017 2991 2168 3041 esse,

548 3066 771 3118 eamque
802 3051 1091 3106 secundum
1127 3054 1384 3108 maritum
1434 3054 1674 3109 defferere
1725 3043 2166 3112 compellendum.

555 3117 664 3175 Sed
700 3130 878 3188 postea
935 3119 1004 3175 ab
1041 3119 1340 3177 Ordinibus
1392 3117 1753 3177 Generalibus
1807 3118 2169 3170 constitutum

553 3185 659 3244 suit
681 3227 700 3256 ,
731 3189 775 3242 si
814 3200 932 3244 toto
964 3192 1340 3259 quinquennio
1378 3190 1537 3247 nulla:
1572 3191 1638 3246 de
1673 3189 1872 3240 marito
1905 3197 2167 3252 tanquam

553 3262 834 3326 superstite
873 3259 1115 3326 novelle,
1152 3260 1357 3315 indicia
1398 3258 1545 3316 nulla
1583 3255 1785 3313 suerint
1812 3296 1829 3325 ,
1862 3270 2014 3320 posse
2049 3266 2166 3306 mu-

550 3328 734 3383 lierem
766 3344 830 3383 ex
867 3331 1212 3400 magistratus
1242 3330 1476 3398 decret0,
1511 3333 1771 3396 praemissa
1789 3340 1959 3378 causae
1977 3322 2167 3391 cogni-

548 3399 719 3463 tione,
752 3393 908 3451 alteri
943 3397 1171 3466 nubere,
1211 3396 1652 3473 Ecbtssreglemem
1688 3413 1794 3452 van
1829 3393 2020 3446 Staren
2056 3392 2158 3445 Ge-

550 3464 742 3527 neraal
779 3464 856 3521 18.
894 3468 1096 3524 Martii
1135 3464 1279 3524 1656.
1318 3484 1422 3525 art.
1456 3480 1542 3538 90.
1578 3465 1675 3523 vol.
1715 3481 1765 3518 2.
1801 3461 1981 3530 placit.
2019 3460 2162 3517 Holl.

544 3551 662 3609 pag.
684 3533 841 3603 2446.
917 3538 1019 3594 uod
1053 3539 1110 3595 δε
1145 3549 1329 3605 postea
1366 3538 1554 3597 iisdem
1593 3552 1752 3606 prope
1770 3530 1945 3587 verbis
1965 3528 2036 3585 ab
2054 3528 2164 3586 Or—

548 3603 770 3663 dinibus
804 3604 880 3662 Ze
903 3608 1075 3663 andin
1109 3607 1376 3664 sancitum
1426 3607 1593 3664 editio
1635 3602 1712 3661 18.
1751 3602 1952 3658 Martii
2013 3597 2162 3656 1666.

553 3691 658 3730 art.
688 3672 767 3752 ι6ζ
802 3676 902 3731 vol.
923 3672 974 3729 5.
1007 3675 1188 3742 placit.
1227 3676 1367 3734 Holl.
1392 3692 1462 3746 pa
1495 3674 1655 3747 ,594
1693 3671 1847 3731 Adde
1881 3667 2161 3726 Leeuven

555 3763 691 3799 cem.
709 3744 822 3811 far.
837 3759 979 3812 part.
1008 3762 1050 3801 1.
1087 3742 1174 3800 lib.
1207 3764 1254 3802 ι.
1290 3762 1401 3816 cap.
1425 3696 1513 3805 ἰᾷ).
1551 3764 1700 3803 num.
1728 3758 1808 3797 12.
1835 3737 2163 3797 Berlichium

548 3814 772 3871 conclus.
803 3816 972 3883 praei.
1002 3827 1119 3881 par.
1153 3813 1206 3883 4.
1243 3818 1461 3872 conclus.
1498 3809 1587 3871 28.
1623 3832 1769 3870 nuni.
1806 3804 1893 3867 55.
1930 3807 1998 3870 (5
2031 3828 2162 3935 tqu.
2220 3817 2308 3875 Ga

549 3880 903 3941 Menochium
936 3883 1003 3939 de
1021 3883 1271 3940 orbiti-ar.
1291 3882 1471 3956 judic.
1490 3881 1580 3940 lib.
1603 3900 1652 3939 2.
1671 3901 1799 3937 casu
1813 3877 1936 3947 420.
1957 3898 2013 3934 n.
2043 3896 2062 3934 1
2081 3897 2099 3934 ι

2229 415 2451 466 rumque
2503 392 2605 465 (ut
2639 395 3033 454 Constantinus
3071 394 3204 464 Imp.
3242 394 3359 468 ait)
3411 402 3565 450 novis
3617 398 3793 452 mariti

3108 468 3274 524 etiam
3313 473 3481 521 vitam
3515 461 3791 535 addianis,

3029 578 3047 608 ,
3100 553 3235 591 vers.
3292 539 3429 592 servi
3464 538 3630 590 etiam
3662 535 3713 589 C.
3739 535 3789 589 de

2231 485 2341 524 non
2374 465 2544 523 solum
2583 484 2665 523 res
2703 464 2874 523 filioru

2230 537 2263 592 l.
2305 539 2382 591 lex
2415 556 2526 607 quae
2559 551 2642 591 22.
2668 533 2789 608 fhre
2823 482 3013 603 inustae

2230 606 2431 662 admin.
2468 622 2627 662 tutor.
2663 611 2720 664 δι
2755 619 2954 674 patres,
3010 622 3296 664 novercam
3349 607 3405 660 in
3440 603 3653 661 domum
3683 610 3790 662 reci-

2228 679 2449 746 pientes,
2484 677 2770 733 credantur
2805 675 3106 747 plerumque
3126 671 3501 731 novercalibus
3514 672 3792 730 delinimen-

2229 749 2299 801 tis
2336 745 2871 816 instigationibusque
2905 747 3158 816 corrupti,
3196 744 3322 799 mali
3361 762 3428 801 ne
3452 744 3595 798 circa
3612 750 3790 816 sangui·

2228 832 2349 871 nem
2384 831 2535 871 suum
2576 813 2827 882 judicium
2864 815 3095 884 illaturi,
3145 833 3303 873 secun
3344 829 3435 870 um
3469 808 3659 878 Gaium
3688 817 3787 871 inl.

2227 905 2328 939 non
2361 899 2435 940 ert
2471 888 2614 940 enim
2631 883 2683 952 4.
2717 881 2784 953 ff.
2818 884 2883 939 de
2910 881 3167 955 inofficios.
3203 897 3537 939 testamento.
3570 879 3788 952 (Crevisti,

2229 955 2404 1023 inquit
2444 952 2645 1012 Seneca
2700 955 2757 1009 in
2793 954 3157 1013 consolatione
3208 955 3277 1010 ad
3326 949 3582 1010 Helviam
3628 967 3723 1020 cap.
3751 969 3789 1006 a.

2226 1027 2437 1080 crevisti
2472 1024 2565 1082 sub
2600 1045 2822 1082 noverca
2841 1065 2859 1095 ,
2892 1045 3058 1096 quam
3092 1040 3154 1080 tu
3186 1021 3392 1094 quidem
3428 1021 3574 1076 omni
3603 1021 3788 1092 obsequio

2225 1093 2292 1155 (β’
2323 1098 2515 1161 pietate
2551 1112 2757 1167 quanta
2791 1094 2878 1153 vel
2909 1098 2966 1151 in
2984 1093 3115 1162 filia
3147 1093 3368 1162 compici
3393 1097 3588 1159 potest,‘
3604 1109 3790 1147 matrem

2223 1163 2342 1232 fieri
2374 1168 2607 1238 coegirtt‘:
2640 1165 2776 1220 nulli
2805 1182 2992 1222 tamen
3026 1184 3128 1219 non
3163 1183 3354 1235 magne
3385 1161 3615 1217 constitit
3643 1160 3700 1223 θ
3726 1160 3790 1218 bo-

2226 1255 2299 1289 na
2335 1231 2598 1305 noverca)
2651 1235 2782 1292 hinc
2818 1254 2907 1302 per
2942 1233 3078 1305 leges
3114 1232 3386 1291 Romanas
3437 1232 3495 1289 &
3529 1248 3691 1290 mores
3715 1229 3787 1287 ho-

2218 1305 2663 1363 diernosfllberis
2702 1305 2893 1375 prioris
2926 1305 3256 1360 matrimonii
3309 1302 3563 1358 adversus
3596 1298 3788 1368 hujusce-

2226 1375 2372 1431 modi
2411 1379 2746 1434 imminentia
2799 1373 2944 1429 mala
2977 1380 3155 1429 tristia
3203 1368 3535 1445 ριόεροᾶιιιιι
3585 1368 3704 1428 fuir:
3742 1388 3787 1424 ac

2226 1450 2402 1513 primo
2434 1448 2647 1516 quidem
2684 1448 2739 1502 in
2776 1465 2870 1503 usu
2898 1459 3085 1501 nostro
3116 1445 3173 1501 ὅτ
3206 1444 3439 1498 aliarum
3475 1443 3698 1514 gentium
3724 1441 3787 1496 in-

2226 1514 2444 1572 duistum
2496 1534 2558 1572 ac
2594 1513 3002 1584 comprobatum
3037 1526 3116 1570 est
3136 1554 3154 1582 ,
3207 1531 3301 1583 per
3337 1525 3615 1581 parentem
3643 1511 3702 1567 ad
3728 1528 3788 1565 se·

2225 1585 2399 1650 cunda
2435 1598 2561 1642 vota
2596 1591 2950 1642 transiturum
2979 1596 3226 1653 oportere
3245 1581 3451 1651 liberis,
3486 1600 3552 1639 ex
3569 1580 3787 1638 anteriore

2225 1659 2573 1712 matrimonio
2607 1657 2867 1726 quaesitis,
2899 1657 3160 1725 assignari
3197 1652 3338 1709 bona
3377 1654 3610 1720 parentis
3641 1649 3786 1720 prade-

2228 1721 2428 1795 sunffl,
2464 1739 2555 1783 aut
2590 1741 2775 1783 eorum
2812 1725 2932 1782 loco
2965 1738 3172 1781 ceream
3207 1726 3443 1791 pecuniae
3479 1727 3786 1790 quantitatem

2224 1810 2462 1853 certasve
2508 1815 2625 1867 res,
2681 1813 2769 1864 per
2821 1796 3093 1866 quandam
3145 1793 3374 1862 speciem
3429 1788 3785 1848 transaffionis.

2228 1861 2390 1990 Ηιιέο
2423 1865 2652 1924 Grotius
2690 1864 3002 1922 manuduct.
3040 1863 3344 1930 adJurirpr.
3363 1860 3510 1916 Holl.
3547 1859 3627 1917 lib.
3653 1871 3786 1928 ι.ι·.9.

2225 1956 2277 1991 n.
2351 1977 2362 1989 .
2406 1951 2455 2008 7.
2494 1934 2692 2005 Utique
2724 1936 2894 2004 adeo,
2930 1947 2989 1992 ut
3028 1931 3569 1998 Amstelodamenses,
3599 1926 3786 1998 Zutpha·

2228 2011 2463 2077 nienses,
2499 2005 2712 2073 Velavi,
2746 2003 3235 2076 Medioburgenses,
3275 1999 3679 2058 Daventrienses
3706 2014 3785 2053 non

2227 2077 2386 2133 aliter
2423 2077 2639 2146 nuptias
2672 2076 2926 2132 secundas
2960 2071 3175 2144 conjugi
3210 2071 3492 2139 superstiti
3513 2071 3788 2139 permittant,

2226 2163 2385 2213 quam
2421 2150 2464 2203 si
2500 2147 2760 2216 docuerit,
2795 2144 2959 2201 talem
2993 2142 3259 2199 bonorum
3291 2145 3391 2199 ass·
3438 2145 3787 2196 nationemase

2230 2215 2335 2287 jam
2374 2214 2570 2273 faeiam
2604 2236 2714 2273 esse
2735 2257 2748 2271 .
2805 2212 2966 2284 Quod
3002 2216 3057 2272 ἂ
3092 2227 3314 2270 cautum
3425 2208 3529 2267 ὶᾶο
3563 2213 3786 2265 matrimo-

2228 2285 2360 2342 niali
2396 2285 2664 2346 Ordinuni
2700 2283 3053 2344 Generalium
3095 2281 3173 2338 18.
3213 2282 3423 2336 Martii
3448 2278 3591 2336 1656.
3622 2270 3786 2333 aad&

2227 2358 2326 2414 vol.
2365 2373 2418 2411 a.
2455 2359 2634 2425 placit.
2673 2355 2814 2411 Holl.
2834 2370 2903 2421 pa
2935 2397 2947 2409 .
2972 2350 3125 2421 2440.
3164 2348 3274 2408 Sed
3310 2348 3588 2420 Ultrajeffi
3620 2352 3668 2408 ἂ
3696 2345 3785 2402 aliis

2226 2428 2287 2481 in
2327 2424 2457 2481 locis
2493 2442 2603 2482 non
2641 2438 2755 2482 tam
2793 2430 2894 2496 rigi
2931 2444 2961 2480 e
2994 2425 3138 2496 exigi
3171 2420 3325 2489 solet,
3362 2413 3786 2477 Abrah.aWee1

2226 2495 2290 2550 de
2324 2493 2540 2552 connub.
2595 2498 2836 2551 societate
2885 2494 3044 2549 trabi.
3085 2509 3135 2547 2.
3190 2504 3302 2558 cap.
3341 2488 3393 2557 4.
3453 2510 3591 2546 num.
3626 2483 3695 2559 73.
3724 2480 3789 2567 74-

2225 2563 2321 2622 Fit
2360 2564 2467 2622 haec
2505 2564 2767 2622 bonorum
2803 2562 3098 2637 assignatio
3152 2580 3241 2627 per
3278 2574 3554 2629 parentem
3588 2567 3786 2627 superm-

2227 2649 2336 2694 tem
2376 2633 2458 2695 vel
2494 2635 2812 2703 simpliciter
2847 2640 2904 2690 in
2944 2628 3242 2689 Hollandia
3265 2670 3282 2699 ,
3319 2628 3402 2685 vel
3443 2634 3599 2686 etiam
3630 2620 3787 2694 adio&

2228 2703 2477 2776 passione
2509 2709 2563 2765 ἃ
2605 2703 2786 2763 futura
2820 2704 3148 2763 successione
3182 2702 3241 2756 in
3276 2698 3370 2755 illa
3388 2698 3537 2759 bona
3554 2701 3786 2771 assignata,

2225 2788 2286 2832 ut
2326 2793 2513 2843 nempe
2547 2775 2728 2835 liberis
2762 2772 3112 2832 morientibus
3144 2789 3207 2829 ea
3242 2769 3615 2840 devolvantur,
3644 2765 3786 2824 velex

2230 2844 2343 2911 iure
2380 2846 2718 2914 Aesdomico,
2758 2846 2839 2903 vel
2873 2863 2941 2904 ex
2980 2841 3090 2911 iure
3125 2838 3448 2910 Scabinico,
3482 2843 3560 2897 uti
3596 2839 3641 2895 id
3668 2835 3786 2891 latius

2226 2933 2348 2973 cum
2386 2917 2548 2971 variis
2582 2915 2962 2988 questionibus
2992 2913 3125 2970 inde
3174 2914 3315 2967 natis
3366 2929 3400 2967 a
3438 2928 3523 2967 me
3554 2904 3785 2966 manum

2226 2988 2308 3043 tit.
2332 2978 2521 3055 famil.
2560 2983 2871 3042 mircmdae
2906 3003 3053 3040 num.
3074 2996 3162 3054 29.

2304 3071 2414 3112 ioi.
2453 3052 2562 3112 Sed
2596 3057 2653 3114 &
2689 3054 2925 3111 secundo
2960 3056 3114 3108 variae
3235 3073 3313 3113 nai
3348 3056 3407 3112 in
3442 3052 3659 3126 gratiam
3688 3042 3784 3100 libe·

2226 3141 2405 3180 rorum
2435 3127 2594 3192 primi
2630 3124 2963 3181 matrimonii
3000 3072 3232 3182 ind-³52³
3296 3138 3424 3182 sunt
3453 3124 3680 3181 adversus
3720 3129 3784 3193 “3⁸

2224 3210 2402 3264 easve,
2434 3194 2525 3262 qui
2560 3213 2744 3266 quave
2779 3194 3186 3250 matrimonium
3221 3194 3386 3262 aliud,
3422 3193 3668 3249 viduitate
3694 3181 3783 3240 reh-

2225 3259 2330 3333 aa,
2362 3276 2674 3335 sequuntur.
2714 3260 2904 3334 Neque
2936 3263 3086 3320 enim
3121 3266 3365 3332 interest,
3401 3276 3578 3321 utrum
3595 3268 3780 3329 patera

2224 3347 2395 3389 mater
2430 3336 2686 3391 secundas
2727 3335 2947 3404 nuptias
2981 3331 3271 3389 contrahat
3300 3374 3317 3404 ‚
3368 3347 3429 3391 ut
3468 3348 3621 3400 poenae
3652 3325 3783 3395 plen·

2223 3420 2329 3472 que
2367 3408 2421 3459 in
2460 3402 2803 3474 sequentibus
2837 3404 3167 3460 recensenda:
3206 3403 3383 3461 locum
3421 3400 3673 3463 babeant,
3700 3404 3781 3474 tam

2218 3478 2343 3542 quia
2379 3472 2566 3529 eadem
2601 3476 2745 3530 ratio
2779 3480 2834 3530 in
2874 3487 3101 3541 utroque
3132 3490 3259 3531 sexu
3307 3474 3367 3531 in
3408 3473 3651 3542 plerisque
3678 3459 3783 3517 uult·

2221 3554 2335 3607 tat5
2371 3552 2487 3622 tum
2521 3542 3012 3611 quia'Justinianus
3050 3540 3246 3611 iustum
3280 3546 3334 3602 &e
3374 3557 3575 3612 aquum
3604 3536 3780 3595 cenffll‘i

2223 3627 2330 3667 non
2366 3627 2592 3681 majores
2629 3630 2806 3679 poenas
2839 3615 3094 3670 adversus
3128 3613 3417 3683 mulieres,
3452 3626 3607 3683 quam
3634 3615 3779 3662 contu

2223 3686 2385 3741 viros,
2421 3682 2490 3739 ad
2525 3682 2755 3740 secunda
2795 3697 2923 3739 vota
2946 3692 3302 3755 transeuntes,
3338 3683 3540 3751 induci,
3571 3674 3779 3734 novelli.

2219 3764 2332 3818 cap.
2367 3747 2420 3806 5.
2458 3751 2493 3804 l.
2522 3753 2837 3825 generaliter
2871 3751 2922 3809 5.
2959 3751 3019 3807 C.
3052 3750 3115 3807 de
3152 3755 3361 3810 secund.
3399 3753 3617 3820 nun-iit,
3649 3736 3781 3821 And}-

2350 3818 2386 3876 Ι.
2406 3817 2494 3877 lib.
2516 3836 2564 3875 2.
2603 3819 2855 3877 observat.
2876 3820 2962 3893 9‘3.
3003 3818 3189 3880 Sande
3207 3822 3366 3879 decis.
3387 3822 3520 3878 Frir.
3539 3816 3621 3877 lib.
3642 3833 3683 3870 2.
3699 3830 3730 3869 t.
3746 3821 3780 3861 ³·

2355 3930 2368 3944 .
2391 3906 2443 3945 2.
2481 3886 2553 3945 D.
2574 3887 2834 3949 Someren
2872 3892 2938 3946 de
2970 3895 3097 3961 iure
3126 3911 3395 3950 mercar.
3433 3907 3543 3960 cap.
3583 3881 3655 3945 13.
3684 3902 3727 3939 n.
3750 3898 3780 3932 ¹·

547 3950 616 4014 Θ
649 3972 779 4023 seqq.
814 3951 996 4011 Avum
1033 3971 1079 4019 p.
1118 3970 1276 4010 mem.
1313 3954 1741 4013 Gisb.Voetium
1769 3951 1960 4018 politic.
1998 3950 2160 4004 eccle-
2220 3973 2337 4026 post
2371 3958 2547 4030 plures
2579 3960 2712 4016 2110,
2744 3959 2817 4015 ab
2852 3962 2918 4018 ἥς
2952 3957 3229 4020 'adduam-⁸
3269 3960 3418 4020 juge,-
3435 3960 3531 4018 has
3550 3964 3695 4030 prin„
3708 3963 3782 4034 ὥς,

549 4024 778 4077 siasticae
804 4037 919 4091 par.
951 4028 993 4077 i.
1014 4021 1108 4079 lib.
1130 4023 1183 4084 5.
1216 4025 1375 4082 th.
1409 4043 1454 4081 ι.
1491 4040 1615 4080 rect.
1653 4018 1705 4077 3.
1740 4039 1785 4075 c.
1807 4015 1863 4085 4.
1895 4034 2072 4088 quest.
2108 4018 2161 4076 5.

548 4088 760 4160 Plane,
810 4098 855 4147 si
890 4093 1090 4149 marito
1123 4095 1284 4163 priori
1318 4094 1401 4150 dis
1438 4094 1596 4152 liceat
1641 4092 1709 4148 ad
1750 4102 1970 4160 nuptam
2006 4087 2165 4146 alteri

2254 4028 2359 4085 uod
2397 4028 2628 4086 binubus
2675 4044 2767 4087 aut
2802 4030 3006 4089 binuba
3040 4034 3261 4088 amittat
3297 4033 3661 4101 proprietatem
3689 4019 3782 4079 ιώ·

2307 4114 2425 4156 rum
2456 4096 2564 4155 sibi
2599 4116 2630 4154 a
2669 4105 2840 4167 priore
2874 4099 3122 4173 conjuge,
3157 4119 3425 4160 cessuram
3461 4098 3705 4172 aqualiter
3732 4090 3779 4144 li·

549 4168 772 4217 uxorem
807 4168 1037 4232 reverti,
1071 4180 1197 4221 cum
1236 4162 1366 4234 illa,
1425 4164 1548 4221 alais
1583 4157 1803 4219 indutie
1840 4156 2165 4247 rumoribus,
2220 4164 2365 4223 beris
2400 4170 2590 4236 prioris
2628 4167 2807 4241 thori,
2842 4187 2952 4227 non
2989 4171 3216 4230 arbitrio
3252 4169 3443 4230 binubi
3491 4186 3579 4226 aut
3614 4159 3779 4222 binulu

546 4231 812 4287 maturius
845 4249 1003 4313 quam
1040 4249 1133 4298 par
1159 4246 1243 4317 est
1276 4234 1345 4290 ad
1382 4247 1512 4289 vota
1545 4230 1777 4317 secunda
1811 4242 2164 4313 transivisset,
2218 4238 2314 4290 uni
2350 4254 2417 4293 ex
2454 4234 2538 4293 his
2570 4239 2984 4310 assignandam,
3035 4241 3311 4312 solumque
3344 4247 3603 4299 retineant
3638 4246 3778 4291 mun·

549 4300 2164 4442 52320333212235.viii*mixi153¹23ffi‘2233332‘32:
2218 4302 2756 4443 i‘ponfflau‘iizrqws”‘¹·¹⁰
2791 4324 3052 4434 2²:¹²³&
3080 4310 3271 4395 Μήτ’
3305 4314 3416 4396 ⁸¹³⁸
3450 4309 3555 4408 ’Ψ
3577 4323 3637 4364 ‘³‘
3652 4298 3779 4406 “⁰³¹3

545 4438 680 4495 dicis
712 4438 973 4499 declarari
1005 4412 1352 4528 diss’olutum,
1387 4441 1599 4509 sibique
1614 4438 1838 4499 concedi
1859 4437 1928 4493 ad
1950 4441 2167 4509 nuptias
2220 4443 2286 4500 lis
2303 4393 2805 4517 „lemnzatissff'ilitt
2842 4397 3031 4506 infffis
3043 4380 3570 4517 pxiiiadd'tosst’iossiig
3601 4386 3776 4507 πθ

543 4506 679 4633 2¹:²1⁸
715 4512 1025 4634 trabnseundi
1062 4510 1397 4580 facultatem,
1431 4510 1558 4595 Yan
1578 4509 1822 4582 Alpheus
1841 4503 2086 4580 Papegay
2112 4522 2163 4561 1·
2219 4516 2579 4603 institutionis
2610 4530 2708 4573 aut
2746 4517 2907 4603 legati
2941 4519 3472 4609 aut-fideicommissi,
3503 4511 3775 4599 autqloerflffi

611 4597 639 4631 e
698 4595 766 4664 .¹·.
839 4577 1036 4662 fistuli
1065 4600 1174 4635 van
1209 4597 1537 4663 quietatur,
1591 4579 1678 4638 bet
1730 4574 1874 4632 sorde
1909 4577 2161 4663 verbaeal,
2212 4582 2513 4651 cujuslibet
2544 4584 2806 4645 munifice
2843 4588 3224 4661 liberalitatis,
3266 4604 3479 4661 quaesita
3512 4586 3685 4645 fuerim
3705 4619 3720 4645 2
3742 4576 3773 4627 Ι·

479 4738 490 4755 ,
538 4660 588 4714 p.
631 4648 766 4706 mihi
798 4650 906 4712 ,ba
941 4650 1007 4714 Θ
1040 4649 1130 4708 6ι.
1169 4648 1558 4714 GisbNoetius
1593 4649 1785 4737 ἀλοία
1810 4665 1860 4718 q·
1880 4643 1931 4703 5·
1953 4667 2016 4705 m
2031 4646 2161 4720 fim-
2202 4648 2440 4724 famina
2473 4648 2527 4713 5.
2554 4669 2634 4729 pr.
2671 4655 2737 4721 6
2771 4657 2920 4717 autb.
2955 4659 3165 4721 lucrum
3199 4659 3331 4734 boc,
3368 4661 3401 4718 l.
3426 4655 3703 4736 gezeman
3728 4643 3765 4701 5

705 4768 836 4791 ...w-
