3971 5383
3 3703 11 3800 -—-*⁴

5 4401 6 4404 „
3 3861 15 4236 -——--——--5--

588 201 726 288 304
1656 213 1795 275 Lib.
1851 173 2172 281 xxrn'r.
2207 211 2329 279 rit.
2355 177 2360 184 ’
2383 206 2555 278 Vm.

477 301 797 368 transferre,
832 296 1017 360 Sande
1049 298 1208 356 decit.
1230 297 1407 373 flixit.
1448 299 1531 380 mi:
1570 298 1621 369 4.
1659 319 1700 359 t.
1745 319 1822 364 1²-
1858 306 2012 377 defin.
2048 325 2097 366 a.
2163 303 2377 379 habiti,
2412 305 2467 361 d.
2507 305 2545 360 l.
2568 303 2666 362 ult.
2686 295 2741 377 5.
2777 261 2934 363 donec
2979 265 3061 364 ri.
3102 297 3155 364 C.
3189 299 3242 378 h.
3263 325 3306 367 t.
3346 261 3590 370 moribus
3621 328 3806 381 tanim

478 377 537 429 §n
573 368 709 424 med.
745 370 1164 493 Groenevygen
1202 370 1287 425 ad
1313 373 1459 429 Lult.
1496 381 1548 443 5.
1578 388 1658 428 12.
1696 375 1752 430 C.
1774 375 1825 431 b.
1861 392 1900 433 t.
1924 379 2098 437 Was-
2159 378 2358 436 nostris
2394 375 2694 435 inventarii
2730 375 3050 436 beneficium
3104 375 3518 451 haudquaquam
3553 384 3812 453 impetra:-

1007 371 1011 382 ι

1033 460 1045 474 0

1026 477 1035 495 Ι

477 455 668 498 senaar
702 454 868 509 pract-
953 461 987 497 u

1048 460 1091 496 c.
1147 457 1257 511 cap.
1305 441 1386 500 15.
1424 459 1476 497 n.
1514 440 1570 499 5.
1623 439 1903 504 Leeuwen
1959 470 2097 508 cens.
2159 448 2317 520 bunt,
2351 448 2399 505 si
2432 463 2609 504 rerum
2659 443 3106 506 hereditariamm
3123 445 3581 537 contreflatione,
3632 455 3808 528 aliove

464 509 574 584 for.
608 525 724 581 par.
768 530 814 580 1.
857 511 898 567 li
934 551 947 563 .
985 506 1034 565 3.
1073 525 1186 581 cap.
1230 529 1313 568 ιο.
1370 530 1425 567 n.
1467 506 1553 569 15.
1605 510 1715 572 Sed
1768 519 1825 576 &
1874 520 1942 579 de
1977 520 2098 578 loco
2160 519 2341 588 modo,
2372 536 2503 597 sese³
2545 513 2651 583 jam
2689 534 2784 584 pro
2819 514 3010 574 herede
3043 525 3341 591 gesserint,
3377 521 3462 590 vel
3498 538 3672 580 etiam
3710 529 3812 588 he-

472 581 999 662 praetermittendum
1035 598 1144 636 non
1181 594 1283 654 est,
1319 587 1548 639 mortuis
1578 582 1839 656 delegatis
1873 591 1942 649 ad
1984 589 2095 650 Go-

472 653 633 707 mitia
667 667 873 718 mayora
904 649 1177 708 Ordinum
1213 649 1590 724 Generaiium,
1623 653 1857 714 Consilii
1890 657 2097 733 Status,

473 720 673 779 autad
706 721 953 794 collegia
991 722 1281 780 maritimis
1331 723 1489 782 rebus
1523 729 1832 797 preposita,
1885 730 2098 804 aliaque

474 791 564 848 his
597 791 813 861 similia,
847 797 894 847 si
917 807 1113 847 eorum
1148 790 1418 852 hereditas
1466 811 1593 851 cum
1650 795 1964 859 inventario
1998 805 2096 861 ad·

470 861 645 919 cunda
678 862 771 929 sit',
808 859 1126 920 beneficium
1164 870 1273 932 peti
1305 877 1553 933 oportere
1585 862 1658 922 ab
1691 865 1993 931 Ordinibus
2028 874 2096 928 ii-

472 932 576 990 lius
611 928 931 1001 Provincias,
968 933 1109 992 unde
1142 935 1291 990 missi
1325 949 1473 1005 sunt,
1510 950 1623 991 non
1660 935 1827 1011 iliius,
1881 943 1940 998 in
1980 961 2083 1011 qua

469 1006 707 1059 muneris
739 1002 1053 1060 demandati
1086 1006 1301 1061 ratione
1356 1017 1659 1072 morantur,
1711 1019 1875 1077 atque
1927 1014 2097 1070 etiam

2156 590 2446 647 reditatem
2482 601 2743 656 Jacentem
2795 585 3166 662 expilaret-int·
3190 587 3504 659 (utcunque
3538 596 3812 665 expilatio

2156 656 2227 715 ab
2259 659 2532 717 extraneis
2585 651 2728 712 fafla
2763 651 2834 713 ad
2865 660 3164 736 gestionem
3221 675 3319 725 pro
3352 649 3556 720 herede
3589 662 3664 721 ab
3704 666 3809 726 Ul-

2157 727 2525 800 pianojreiata
2561 744 2672 783 non
2710 721 2907 797 fixerit,
2958 730 3086 798 quia
3119 724 3416 801 admissum
3461 737 3802 798 contrariam

2158 799 2495 857 vohntatem
2528 795 2792 867 declarat,
2829 794 2865 852 l.
2886 793 2938 851 η’
2966 799 3086 868 quir
3116 795 3395 872 extimum!
3433 813 3520 859 21.
3551 805 3712 875 pnffi
3736 811 3807 863 de

2155 871 2349 942 acquir.
2371 867 2462 923 vel
2471 866 2723 924 omiaber.
2786 866 2876 923 sed
2910 878 3169 935 tanquam
3213 867 3410 938 ,eredes
3429 867 3700 938 simplices
3733 881 3804 937 ad

2154 942 2393 1000 universi
2426 939 2544 996 aeris
2577 937 2720 993 alien
2777 929 3089 996 hereditarii
3131 954 3193 991 so
3241 937 3462 1008 ‚ionem
3494 948 3804 1020 constringi

2155 1021 2392 1080 possunt.
2433 1006 2610 1065 Ediaei.
2631 1005 2809 1062 Caroli
2845 1005 2903 1062 V.
2950 1019 3026 1078 19.
3063 1003 3217 1062 Liuii
3259 995 3409 1080 1544.
3444 1025 3551 1066 art.
3568 1008 3657 1083 59.
3695 1019 3802 1074 ud,

470 1065 901 1159 confirmandum
933 1092 1047 1132 esse
1080 1089 1114 1129 a
1150 1070 1414 1144 judicibus
1448 1071 1555 1132 loci
1590 1074 1756 1149 illius,
1788 1096 1821 1134 a
1855 1079 1962 1150 qu'o
1995 1083 2093 1142 ab·
2160 1100 2208 1136 r..
2235 1077 2586 1161 placiafloll.
2621 1065 2882 1164 pag.328.
2918 1072 3105 1133 Sande
3138 1074 3249 1132 dec.
3273 1073 3405 1148 fiir.
3427 1076 3593 1150 aaa.
3632 1100 3671 1137 t.
3718 1102 3803 1145 η.

471 1155 596 1201 sunt
633 1142 936 1210 reipublicae
971 1160 1151 1214 causa,
1184 1157 1462 1211 tamquam
1490 1147 1548 1201 in
1576 1161 1684 1217 quo
1738 1167 1848 1206 non
1866 1150 2093 1212 obstan·-
2150 1149 2309 1217 defin.
2326 1148 2380 1206 5.
2420 1167 2475 1201 m
2496 1145 2616 1217 fine.
2667 1152 3092 1218 broenewegen
3128 1143 3212 1204 ad
3236 1141 3562 1220 l.ult„§.1a.
3603 1152 3661 1208 C.
3686 1155 3738 1212 b.
3760 1175 3800 1211 t.

464 1223 523 1270 te
556 1212 820 1292 absentia,
855 1211 1190 1270 domicilium
1224 1215 1505 1273 retinuisse
1537 1187 1942 1291 intelliguntur.
1981 1221 2092 1282 Re-

465 1300 648 1353 spons.
683 1281 868 1340 Jurisc.
936 1280 1084 1341 Hoii.
1110 1298 1228 1354 par.
1272 1287 1543 1343 1.‘cons,il.'
1570 1284 1690 1359 294.
1729 1292 1873 1357 quod
1904 1295 1962 1354 ὃς
1981 1294 2092 1365 ple-

462 1362 588 1408 nius
620 1354 868 1410 adstruxi
905 1371 944 1410 t.
982 1353 1047 1408 de
1071 1352 1302 1422 judici&
1338 1371 1393 1411 n.
1431 1351 1522 1430 93.

540 1418 621 1478 15.
664 1419 864 1482 Petunt
902 1441 969 1480 ac
1004 1423 1424 1492 impetranthoc
1460 1427 1755 1484 inventarii
1776 1427 2093 1492 beneficium

460 1491 700 1561 heredes,
752 1500 863 1550 sive
896 1506 1226 1551 testamento
1276 1497 1543 1566 instituti,
1596 1500 1710 1554 sive
1755 1515 1821 1555 ex
1875 1499 1990 1575 lege
2021 1504 2090 1561 ad

462 1564 846 1621 successionem
881 1566 1084 1621 vocati.
1122 1562 1241 1622 Nec
1295 1566 1543 1638 interest,
1578 1578 1759 1624 utrum
1817 1565 1925 1636 iam
1958 1587 2091 1631 ante

465 1645 572 1690 tem
701 1631 1041 1694 deliberandi
1079 1636 1356 1706 petierint,
1394 1653 1493 1692 nec
1529 1654 1633 1695 ne:
1672 1656 1784 1694 nou
1822 1646 1967 1696 enim
2007 1639 2086 1711 jus
2150 1647 2435 1707 impetrato
2468 1641 2818 1705 renunciare,
2871 1653 2941 1705 qu

462 1702 571 1760 deli
644 1704 801 1761 randi
836 1707 892 1763 &
931 1702 1248 1763 beneficium
1283 1707 1580 1764 inventarii
1612 1709 1694 1762 ita
1732 1710 1950 1768 interse
1991 1732 2085 1780 pu-

460 1785 657 1855 gnant,
691 1779 817 1842 quin
856 1775 1033 1843 priore
1066 1770 1174 1844 jam
1206 1787 1430 1832 tentato
1462 1778 1532 1835 aci
1569 1776 1795 1852 alteffum
1823 1784 2086 1836 transitus

461 1849 579 1899 neri
613 1847 817 1912 possit;
855 1846 964 1901 imo
996 1844 1324 1903 deliberatio
1358 1852 1466 1916 ipsa
1486 1849 1548 1902 in
1582 1847 1965 1917 incomparata
2004 1852 2087 1905 vi-

462 1915 639 1984 detur,
672 1925 733 1973 ut
768 1915 887 1983 quis
919 1917 1151 1988 cognitis
1186 1915 1501 1973 hereditatis
1522 1914 1726 1974 viribus
1742 1936 1919 1975 secum
1954 1937 2086 1976 con-

461 1991 674 2055 stituat,
713 2000 845 2042 num
877 1985 1127 2053 expediat
1166 1981 1519 2045 hereditatem
1552 1987 1702 2044 adire
1749 1988 2087 2059 simpliciter,

465 2071 537 2109 an
576 2055 746 2126 magis
781 2058 1095 2122 rescriptum
1148 2055 1442 2126 principale
1480 2053 1722 2113 beneficii
1779 2061 2076 2117 inventarii

463 2124 769 2185 securitatis
799 2125 974 2198 gratia
1011 2127 1298 2196 impetrari
1332 2125 1641 2183 consultum
1674 2131 1763 2184 sit.
1804 2124 1968 2198 Sane,
2002 2134 2085 2187 uti

463 2210 628 2251 nemo
678 2212 745 2252 ex
782 2191 885 2265 his,
939 2200 1029 2264 qui
1066 2208 1272 2266 negant
1304 2215 1362 2254 se
1395 2195 1610 2265 debere,
1654 2194 1965 2264 prohibetur
1999 2214 2082 2257 et-

461 2271 569 2320 iam
607 2261 711 2321 alia
746 2264 1059 2324 defensione
1096 2272 1194 2338 uti,
1231 2269 1335 2323 nisi
1371 2263 1459 2324 lex
1495 2267 1573 2319 im
1679 2267 1757 2322 iat
1780 2308 1798 2337 ‚
1861 2268 1893 2326 I.
1930 2289 2085 2326 nemo

460 2356 519 2388 ex
559 2332 640 2390 hir
675 2328 763 2404 45.
796 2331 861 2405 ffi
897 2336 962 2390 de
999 2357 1095 2410 reg.
1119 2337 1293 2407 juris,
1327 2338 1386 2395 6(
1420 2340 1504 2393 uti
1593 2334 1792 2393 ebitori
1844 2335 2083 2396 oberato

458 2418 576 2472 post
614 2407 958 2475 impetratum
995 2409 1307 2475 rescriptum
1327 2410 1702 2476 moratorium‚
1738 2406 2080 2478 elapsumque

408 2545 417 2550 -
452 2477 688 2546 spatium
723 2473 999 2531 dilationis
1032 2479 1219 2535 eodem
1255 2493 1533 2544 concesse,
1577 2475 1902 2549 denegatum
1966 2496 2076 2536 non

454 2559 560 2615 est,
591 2545 770 2604 adhuc
803 2545 872 2602 ad
906 2543 1088 2603 flebile
1139 2563 1202 2601 ac
1238 2545 1540 2605 miserabile
1586 2563 1852 2606 recurrere
1907 2567 2077 2608 reme-

448 2616 605 2672 dium
639 2617 905 2684 cessionis,
947 2628 1009 2673 ut
1062 2618 1276 2675 dicetur
1319 2634 1361 2670 t.
1400 2613 1483 2669 de·
1521 2619 1744 2672 cessione
1799 2617 2081 2684 bonorum,-

456 2687 536 2742 ita
575 2684 732 2759 longe
767 2689 937 2756 magis
961 2689 1265 2745 successiva
1304 2684 1535 2756 plurium
1590 2687 1946 2748 remediorum
1979 2690 2078 2747 ad-

452 2756 653 2813 hibitio
686 2762 735 2815 ei
770 2758 1150 2827 permittenda,
1186 2760 1275 2828 qui
1314 2758 1541 2816 necdum
1573 2755 1789 2815 debitor
1822 2777 1935 2816 esse
1969 2777 2075 2817 coe·

452 2834 552 2896 pit,
587 2827 680 2884 sed
714 2826 933 2884 deinum
964 2844 1032 2885 ex
1065 2830 1311 2885 aditione
1362 2826 1577 2886 debitor
1614 2823 1826 2893 futurus
1872 2842 1971 2900 est,
2007 2830 2074 2887 ‘si

452 2898 557 2952 sibi
594 2898 766 2955 modis
803 2896 1044 2965 pluribus
1082 2901 1373 2966 prospicere
1410 2895 1562 2967 velit,
1617 2914 1685 2955 ne
1722 2896 1862 2953 ultra
1900 2904 2074 2965 patri-

454 2969 624 3023 monii
662 2968 972 3040 acquirendi
1010 2983 1316 3031 mensuram
1350 2983 1417 3023 ex
1452 2975 1627 3032 capite
1679 2964 1920 3026 defunai
1974 2967 2074 3025 ob-

454 3040 652 3094 noxius
692 3037 801 3094 fiat.
842 3035 973 3094 Non
1010 3036 1258 3094 obstante
1313 3038 1346 3092 l.
1384 3035 1486 3106 fin.
1526 3031 1580 3111 5.
1636 3041 1943 3119 sinautem
1994 3037 2073 3107 14.

454 3111 511 3164 C.
550 3107 605 3165 h.
644 3124 685 3168 t.
722 3118 912 3174 utpote
949 3107 1006 3161 in
1043 3125 1144 3178 qua
1183 3108 1292 3164 illis
1325 3107 1558 3178 quidem,
1594 3113 1681 3176 qui
1729 3126 1795 3165 ex
1836 3127 1945 3176 Jure
1980 3110 2074 3166 de-

452 3178 724 3237 liberandi
760 3178 1051 3234 adiverunt
1089 3196 1348 3250 regressus
1402 3179 1470 3235 ad
1509 3174 1826 3234 beneficium
1873 3181 2074 3237 inven-

444 3251 585 3304 tarii
618 3251 758 3308 dene
795 3260 952 3313 atur3
987 3248 1077 3305 sed
1115 3266 1223 3303 non
1282 3247 1639 3316 prohibentur
1694 3265 1805 3305 non
1856 3255 1943 3311 uti
1977 3247 2075 3305 illo

452 3319 730 3378 deliberan
773 3319 791 3370 i
828 3314 961 3389 iure,
992 3334 1163 3386 eoque
1197 3332 1414 3376 tentato
1449 3319 1663 3388 quidem
1714 3319 1807 3376 sed
1843 3332 1954 3374 non
1977 3319 2072 3376 ad-

454 3389 653 3458 bibito,
688 3389 758 3446 acl
799 3405 947 3443 novae
984 3385 1115 3461 legis
1147 3387 1492 3447 justinianeae
1527 3359 1787 3444 auxilium
1822 3394 2074 3459 transire,

450 3464 507 3519 ἃ
545 3463 619 3516 sic
678 3457 1030 3515 hereditatem
1086 3459 1314 3516 necdum
1367 3459 1574 3515 aditam
1627 3459 1862 3516 securius
1905 3461 2073 3519 adire.

451 3528 543 3590 Ne
577 3530 779 3597 dicam,
812 3525 1134 3585 hodiernum
1168 3529 1469 3586 inventarii
1508 3524 1840 3595 beneficium,
1874 3539 2072 3587 utcun-

444 3620 554 3672 que
587 3596 778 3656 effeEiu
812 3599 1105 3658 conveniat
1154 3614 1277 3655 cum
1331 3614 1414 3663 eo,
1466 3601 1607 3664 quod
1666 3593 1795 3665 iuris
1835 3596 2074 3660 Romani

448 3684 551 3740 est,
588 3665 768 3726 sormae
803 3679 985 3726 tamen
1023 3670 1077 3728 ἂ
1116 3670 1514 3739 impetrationis
1546 3673 1753 3726 intuitu
1794 3665 1952 3739 longe
1978 3668 2061 3725 di-

448 3756 663 3799 versum
696 3755 827 3807 esse,
861 3741 941 3796 sic
972 3752 1032 3794 ut
1074 3756 1181 3797 non
1218 3743 1350 3795 satis
1387 3750 1508 3795 tuto
1543 3739 1757 3796 ratione
1807 3739 2072 3806 impetra-

449 3813 619 3869 tionis
651 3820 1028 3882 argumentum
1065 3824 1135 3865 ex
1172 3808 1286 3878 jure
1321 3808 1475 3864 civili
1511 3820 1743 3877 petatur,
1792 3810 1875 3865 uti
1914 3826 2068 3877 supra

451 3901 600 3939 num.
644 3897 726 3939 ιι.
766 3887 1034 3938 monitum
1069 3894 1147 3935 est
1169 3902 1190 3934 .·
1225 3884 1534 3946 prasertim,
1585 3880 1630 3934 si
1681 3880 1736 3936 δι
1773 3876 1908 3936 iilud
1942 3895 2072 3935 con-

448 3955 666 4025 sideres,
706 3948 880 4021 illum,
912 3954 1005 4036 qui
1038 3947 1151 4017 jam
1185 3953 1492 4019 impetravit
1546 3965 1580 4004 a
1618 3946 1866 4017 Principe
1903 3947 2064 4007 bene-

450 4023 630 4082 ficium
667 4025 980 4091 inventarii,
1028 4037 1175 4092 posse
1226 4038 1293 4077 eo
1330 4037 1443 4077 non
1496 4019 1597 4087 uti,
1651 4022 1708 4079 81
1756 4018 2072 4088 simpliciter

449 4113 559 4153 sese
596 4108 692 4160 pro
726 4089 923 4151 herede
954 4108 1155 4162 gerere,
1189 4091 1255 4149 de
1310 4107 1416 4161 quo
1451 4086 1615 4158 infra,
1666 4086 1862 4147 Parens
1901 4110 1949 4175 p.
2001 4107 2075 4145 m.

448 4163 666 4224 Paulus
724 4161 871 4220 Voet
929 4160 1011 4216 od
1034 4154 1087 4235 §.
1125 4159 1175 4218 5.
1235 4159 1368 4217 Imt.
1426 4158 1492 4215 de
1541 4158 1713 4215 her-ed.
1768 4159 1956 4228 qualit.
2012 4158 2079 4221 (π

460 4230 637 4305 differ.
678 4252 885 4289 numer.
907 4227 961 4286 3.
996 4252 1055 4287 m
1076 4229 1177 4300 fin.
1213 4230 1436 4290 dissent.
1458 4226 1701 4288 auum-es
1737 4234 1791 4285 in
1816 4227 2078 4299 Respons.

465 4302 650 4363 lurisc.
672 4299 948 4360 0leland.
980 4315 1096 4370 pan.
1126 4318 1169 4355 2.
1208 4300 1391 4356 concil.
1425 4313 1544 4371 117.

2153 1223 2210 1277 in
2225 1217 2362 1289 fine,
2399 1188 2795 1275 Rittershusius
2831 1214 3156 1297 adnqvellar
3170 1232 3287 1286 por.
3318 1215 3372 1276 6.
3407 1236 3521 1288 cap.
3539 1215 3596 1278 8.
3635 1243 3689 1278 n.
3711 1221 3798 1296 35,

2152 1288 2259 1349 Sed
2292 1292 2345 1348 ἃ
2384 1288 2430 1343 si
2466 1285 2561 1344 alii
2594 1288 2981 1360 consanguinei
3017 1288 3329 1344 remotiores
3362 1285 3634 1359 defuneii,
3669 1296 3795 1353 sine

2151 1357 2456 1418 inventario
2492 1356 2843 1415 hereditatem
2878 1357 3025 1414 adire
3042 1359 3216 1426 parati
3248 1362 3380 1432 sint,
3416 1360 3680 1420 instituto
3715 1366 3799 1424 vei

2153 1430 2333 1488 heredi
2367 1432 2612 1497 proximo
2636 1427 2706 1486 ab
2724 1427 2988 1490 intestato
3004 1423 3105 1483 hoc
3125 1423 3446 1487 beneficium
3481 1428 3628 1489 haud
3661 1454 3797 1492 con-

2147 1502 2381 1566 ceditur,
2415 1496 2506 1555 red
2542 1495 2625 1555 vel
2661 1501 2730 1554 iis
2764 1495 3114 1555 hereditatem
3143 1497 3240 1555 reli
3318 1517 3444 1557 uere
3475 1499 3665 1573 debet,
3705 1505 3794 1560 vei

2151 1572 2259 1641 ipse
2293 1584 2502 1641 quoque
2513 1567 2829 1638 simpliciter
2847 1566 2997 1626 adire
3048 1568 3106 1625 δι
3143 1565 3277 1644 bene
3316 1571 3424 1637 cio,
3459 1566 3636 1638 forsan
3675 1568 3788 1640 J'am

2943 1608 3016 1693 od
3048 1632 3225 1694 facere
3259 1649 3483 1710 potest,
3513 1651 3598 1706 ‚ut
3627 1657 3719 1704 eos
3750 1659 3790 1697 a

2145 1708 2327 1767 delata
2360 1704 2464 1762 sibi
2497 1706 2726 1772 depellat
2763 1703 3061 1762 hereditate
3116 1701 3426 1782 Gudelinus
3457 1707 3524 1763 de
3540 1712 3670 1780 jur.
3698 1731 3793 1765 uo-

2146 1778 2272 1834 vt’rt.
2296 1773 2388 1832 lib.
2410 1783 2604 1855 2.‘cqp.
2632 1773 2711 1831 18.
2754 1775 2811 1857 ist
2835 1773 2954 1845 fine
2971 1814 2989 1840 ,
3043 1744 3266 1848 iypaeus
3299 1780 3450 1832 notit.
3460 1778 3613 1849 jurr'r
3647 1780 3750 1836 Bel

2145 1846 2236 1904 lib.
2275 1846 2329 1903 6.
2365 1862 2406 1901 ι.
2427 1839 2490 1897 de
2555 1863 2650 1916 pre
2685 1840 2836 1898 delrb.
2874 1846 2932 1899 in
2951 1839 3269 1910 fita-sande
3302 1844 3464 1902 decis.
3477 1846 3610 1914 fiiri
3635 1890 3651 1902 .
3691 1800 3791 1907 52]

2145 1915 2196 1987 4.
2232 1934 2272 1974 t.
2297 1927 2374 1972 12.
2413 1861 2629 1983 &fii-3·
2649 1910 2996 1989 ,Neqstadius
3029 1914 3198 1973 Curia
3234 1931 3371 1984 supr.
3390 1915 3502 1974 dec.
3522 1932 3574 1989 7.
3593 1915 3797 1990 sinin

2141 2003 2211 2057 pr.
2235 1983 2517 2045 Leeuven
2570 2001 2708 2042 cent.
2773 2004 2843 2037 or.
2895 2003 2977 2037 ar.
3008 2001 3048 2039 1.
3087 1982 3180 2042 lib.
3199 1978 3252 2038 3.
3286 2002 3396 2056 cap.
3422 2004 3498 2046 ιο.
3521 2008 3680 2044 num.
3711 2008 3794 2049 ¹2.

2143 2054 2427 2115 Groenev
2492 2072 2560 2110 en
2598 2053 2680 2109 ad
2743 2096 2756 2109 .
2776 2048 2838 2109 6.
2882 2068 2988 2110 nst.
3009 2052 3074 2110 de
3108 2051 3282 2111 bend.
3304 2057 3490 2127 qualit.
3514 2055 3666 2120 &di
3707 2081 3784 2118 er.

2143 2128 2278 2184 Ant.
2315 2123 2461 2184 Matr
2547 2143 2608 2181 us
2637 2125 2706 2181 de
2741 2121 3145 2182 successionibus
3180 2125 3239 2179 in
3275 2125 3523 2186 abluat-io
3570 2126 3792 2187 de'vonii

2140 2199 2309 2273 legum
2345 2196 2557 2258 &urm
2593 2216 2647 2252 n.
2670 2207 2756 2279 72.
2795 2190 2941 2252 Nam
2995 2205 3058 2250 ut
3093 2191 3196 2251 hoc
3209 2193 3430 2276 Jddam,
3462 2197 3631 2254 etiam
3670 2200 3794 2257 nul-

2141 2269 2195 2325 lo
2226 2263 2518 2334 simplicem
2552 2264 2854 2323 aditionem
2883 2234 3162 2334 offerente,
3198 2282 3265 2332 is,
3300 2271 3388 2332 qui
3409 2269 3664 2337 primitus
3699 2275 3788 2326 in·

2141 2336 2368 2394 ventarii
2426 2338 2741 2403 rescriptum
2794 2335 3144 2406 impetravit,
3201 2333 3577 2393 molestiarum
3613 2341 3674 2394 in
3711 2357 3782 2395 eo

2137 2403 2476 2464 conficiendo
2561 2416 2763 2472 rtaesuS,
2799 2400 3120 2478 beneficium
3140 2405 3486 2474 impetratum
3519 2408 3775 2474 repudia-

2137 2497 2194 2536 re
2216 2518 2233 2546 ,
2265 2479 2322 2536 δε
2358 2478 2497 2544 simp
2524 2475 2674 2530 iciter
2709 2471 3067 2532 hereditatem
3121 2473 3406 2534 admittere
3441 2489 3618 2543 potest
3639 2519 3660 2547 ,
3691 2478 3777 2534 uti

2137 2559 2254 2618 post
2298 2541 2518 2604 Henric.
2552 2540 2916 2601 Kinschotum
2969 2560 3100 2613 resp.
3142 2537 3231 2618 31.
3264 2545 3437 2602 tradit
3472 2541 3700 2617 zypsus
3729 2547 3789 2606 d.

2136 2617 2222 2674 lib.
2264 2614 2319 2673 6.
2351 2615 2511 2683 plane
2541 2617 2600 2671 in
2621 2612 2727 2684 fin.
2748 2610 2868 2671 Nec
2905 2610 3067 2673 refert
3088 2653 3105 2683 ,
3140 2617 3199 2669 in
3236 2607 3538 2674 Heliandia
3573 2634 3638 2673 ac
3676 2614 3782 2674 Ze-

2134 2687 2336 2757 landia‚
2370 2683 2549 2756 quales
2570 2681 2786 2742 heredes
2806 2682 2942 2757 sint,
2974 2685 3051 2741 sic
3085 2697 3143 2743 ut
3163 2685 3233 2761 ,81
3271 2682 3554 2755 ipsiliberi
3587 2705 3786 2756 paren-

2136 2776 2248 2819 tum
2286 2754 2640 2815 hereditatem
2674 2754 2824 2811 adire
2857 2772 2981 2812 cum
3016 2755 3328 2815 inventario
3359 2757 3658 2827 cupientes,

2133 2839 2391 2902 cognatos
2425 2826 2527 2881 sim
2565 2824 2723 2879 licem
2776 2825 2895 2882 sine
2929 2826 3248 2882 inventario
3300 2825 3603 2884 aditionem
3646 2776 3787 2886 οἱ

2145 2911 2319 2957 rentes
2352 2895 2468 2953 excl
2551 2896 2569 2946 i
2602 2905 2840 2964 possent,
2873 2895 2919 2950 si
2958 2913 3066 2950 non
3102 2898 3156 2956 &
3193 2901 3210 2950 i
3247 2892 3627 2966 sir-*impliciter
3661 2898 3786 2954 adi·-

2135 2989 2190 3030 re
2226 2968 2398 3037 parati
2434 2969 2543 3023 sint
2575 3004 2593 3036 ,
2621 2960 2897 3033 Responsa
2931 2965 3120 3024 lui-isc.
3220 2964 3314 3022 oli.
3349 2983 3465 3036 par.
3497 2982 3552 3025 a.
3595 2971 3783 3024 comil-

2142 3053 2253 3109 ¹¹7·
2291 3052 2468 3108 quest.
2504 3050 2557 3091 2.
2597 3031 2754 3090 Licet
2806 3032 2930 3090 aliis
2965 3033 3285 3106 quibusdam
3339 3038 3399 3093 in
3435 3035 3567 3092 locis
3599 3047 3788 3097 trans-

2137 3125 2294 3167 versa
2332 3103 2474 3163 linea
2527 3109 2749 3175 cognati
2785 3122 2895 3165 non
2934 3109 3138 3173 possint
3178 3102 3288 3163 tale
3321 3105 3453 3177 quid
3486 3102 3684 3164 offerre
3723 3110 3780 3164 in

2133 3176 2735 3308 {iiiimxiii
2763 3173 3785 3304 2332³÷¹nliiiifissiisssssffiffi1ssss

2131 3308 3786 3455 sensudaturis.affairlffzievffai

2133 3478 2200 3518 ne
2258 3456 2516 3515 maritum
2568 3459 2621 3508 in
2666 3448 2958 3512 Hollandia
3015 3454 3072 3512 id
3108 3451 3423 3511 offerentem
3481 3450 3624 3513 haud
3656 3472 3780 3514 esse

2132 3526 2498 3594 audiendum,
2535 3518 2828 3589 iudicatum
2864 3537 2943 3580 est
2965 3563 2982 3587 .
3035 3524 3079 3579 si
3117 3542 3228 3580 non
3263 3521 3527 3595 sanguine
3562 3518 3787 3589 inuans

2132 3598 2223 3669 sit,
2259 3596 2412 3665 quasi
2446 3593 2549 3650 soli
2586 3592 2702 3663 iiii,
2761 3594 2854 3665 qui
2889 3588 3205 3651 defunRum
3239 3592 3516 3663 sanguinis
3555 3594 3783 3653 vinculo

2132 3670 2495 3737 contingunt,
2552 3662 2623 3721 ad
2664 3661 2805 3721 hanc
2858 3662 3192 3725 oblationem
3225 3662 3569 3721 :immittendi
3621 3666 3740 3720 sint
3766 3706 3785 3737 ,

2135 3736 2460 3795 Neostadius
2494 3736 2651 3789 curie
2704 3749 2952 3804 suprema
2985 3737 3095 3791 dec.
3134 3750 3186 3806 7.
3225 3731 3650 3857 Groeneveffy:
3711 3737 3793 3791 ad

2131 3800 2180 3881 5.
2216 3804 2270 3864 6.
2291 3805 2468 3862 Instit.
2491 3802 2554 3858 de
2571 3800 2742 3859 bered.
2762 3803 2950 3873 qualit.
2972 3801 3036 3866 (θ’
3168 3828 3242 3862 er.
3266 3825 3317 3860 n.
3337 3820 3436 3862 am.
3450 3800 3516 3862 Θ
3537 3826 3573 3859 a
3654 3808 3787 3862 Gro-

2135 3880 2202 3934 131·
2238 3871 2656 3932 manudquib.
2680 3891 2729 3929 2.
2751 3888 2860 3941 cap.
2883 3891 2977 3932 21.
3013 3896 3067 3930 n.
3090 3890 3122 3929 2
3161 3917 3175 3930 .
3214 3872 3318 3932 Sed
3353 3874 3448 3943 &,
3482 3872 3529 3929 εἰ
3567 3882 3659 3943 qui
3693 3896 3790 3947 per

2134 3946 2391 4015 simplicis
2427 3940 2692 4001 aditionis
2724 3940 3057 4002 oblationem
3093 3944 3354 4017 depellere
3409 3942 3579 4000 velint
3615 3965 3748 4005 eum
3769 3987 3790 4016 ,

2134 4012 2246 4145 a.
2275 4017 3315 4145 ammas...
3323 4013 3793 4159 aedem...

2137 4105 2433 4224 anxiiqualn
2468 4102 2963 4212 beneficiumpceaufsa
2997 4129 3217 4229 cognita
3251 4124 3633 4223 confir-’matum
3668 4153 3788 4215 sue-

2139 4229 2251 4292 rit3
2286 4230 2364 4285 sic
2411 4239 2471 4283 ut
2507 4223 2581 4280 ob
2617 4242 2737 4282 eam
2785 4245 2994 4298 quoque
3032 4244 3246 4284 causam
3278 4224 3567 4295 expediat,
3619 4227 3789 4283 citari

2139 4315 2203 4352 co
2242 4309 2397 4353 natos
2430 4290 2671 4355 defunffl
2707 4296 3057 4365 remotiores,
3109 4310 3168 4354 ut
3203 4300 3548 4354 consentiant
3585 4296 3648 4352 in
3687 4296 3787 4354 be-

529 4372 610 4441 14.
652 4372 920 4446 Quamvis
955 4387 1141 4428 autem
1176 4368 1289 4439 iure
1321 4368 1472 4427 civili
1507 4366 1619 4440 jam
1655 4383 1802 4440 tum,
1835 4385 1958 4426 cum
1996 4372 2081 4424 in·
2145 4387 2210 4425 ne
2250 4368 2322 4423 cii
2359 4371 2629 4434 impetrati
2664 4362 3137 4425 confirmationem
3171 4387 3264 4426 seu
3300 4370 3788 4436 interinationem,

448 4442 725 4502 choabant
766 4443 1059 4501 inventarii
1094 4438 1514 4511 consenionem,
1552 4439 1651 4496 hoc
1667 4445 1779 4509 ipso
1814 4438 2082 4512 intellige
2144 4452 2202 4495 ut
2241 4434 2535 4505 iudicatum
2570 4434 2644 4491 ab
2682 4448 2904 4505 utraque
2943 4435 3248 4497 Hollandiae
3279 4436 3467 4505 Curia,
3497 4446 3640 4495 teste
3673 4454 3788 4494 van

449 4528 642 4573 rentur
678 4514 928 4572 aditione
965 4512 1183 4570 heredes
1216 4506 1387 4568 effeffl
1409 4552 1429 4581 ,
1481 4512 1557 4566 sic
1593 4524 1653 4566 ut
1689 4509 1761 4565 ob
1798 4511 1852 4568 id
1888 4524 2086 4566 caven·
2149 4504 2361 4580 Alphen
2417 4509 2673 4579 Papegaey
2728 4503 2779 4562 5.
2807 4523 2947 4577 pas-t.
2991 4525 3035 4565 1.
3074 4511 3159 4565 tir.
3196 4505 3278 4567 13.
3305 4522 3427 4578 pag.
3469 4508 3607 4564 mibi
3658 4505 3788 4565 215.

447 4589 580 4645 dum
617 4582 782 4643 fixerit
803 4626 819 4652 ‚
851 4600 945 4640 eos
977 4586 1207 4642 durante
1262 4579 1495 4649 eiusdem
1529 4576 1871 4637 confeEiione
1905 4600 1937 4636 a
1971 4598 2087 4636 cre-
2149 4578 2216 4641 (θ’
2253 4596 2382 4648 seqq.

448 4652 720 4720 ditoribus
758 4653 1134 4720 inquietandos
1174 4671 1281 4709 non
1319 4669 1468 4721 esse,
1502 4651 1645 4723 quod
1682 4645 1879 4707 frustra
1915 4652 2088 4709 credi—

2228 4647 2307 4706 15.
2344 4643 2490 4715 Quia
2527 4662 2674 4717 vero,
2697 4642 3030 4715 paffionibus
3061 4662 3159 4706 aut
3193 4645 3572 4709 voluntatibus
3588 4663 3794 4775 m

446 4726 657 4789 toribus
690 4724 1136 4796 interdiceretur,
1171 4726 1217 4780 si
1254 4723 1482 4781 necdum
1519 4736 1615 4791 pro
1649 4717 1837 4781 herede
1874 4720 2094 4779 fuissent
2159 4721 2260 4774 mis
2290 4716 2591 4777 debitorum
2631 4728 2729 4773 nee
2765 4716 2884 4774 tolli
2919 4736 3018 4776 nec
3056 4723 3255 4778 mutari
3290 4731 3553 4792 possunt,
