<?xml version="1.0" encoding="UTF-8"?>
<!DOCTYPE html PUBLIC "-//W3C//DTD XHTML 1.0 Transitional//EN"
    "http://www.w3.org/TR/xhtml1/DTD/xhtml1-transitional.dtd">
<html xmlns="http://www.w3.org/1999/xhtml" xml:lang="en" lang="en">
 <head>
  <title>
</title>
<meta http-equiv="Content-Type" content="text/html;charset=utf-8" />
  <meta name='ocr-system' content='tesseract 3.04.00' />
  <meta name='ocr-capabilities' content='ocr_page ocr_carea ocr_par ocr_line ocrx_word'/>
</head>
<body>
  <div class='ocr_page' id='page_1' title='image "./joannisvoetcomm00burmgoog_0375.png"; bbox 0 0 3971 5383; ppageno 0'>
   <div class='ocr_carea' id='block_1_1' title="bbox 1379 211 2217 298">
    <p class='ocr_par' dir='ltr' id='par_1_1' title="bbox 1379 211 2217 298">
     <span class='ocr_line' id='line_1_1' title="bbox 1379 211 2217 298; baseline 0.001 -20"><span class='ocrx_word' id='word_1_1' title='bbox 1379 211 1478 279; x_wconf 82' lang='lat' dir='ltr'>De</span> <span class='ocrx_word' id='word_1_2' title='bbox 1513 215 1664 278; x_wconf 74' lang='lat' dir='ltr'>Ritu</span> <span class='ocrx_word' id='word_1_3' title='bbox 1698 214 2126 298; x_wconf 78' lang='lat' dir='ltr'><strong><em>Nuptiarum.</em></strong></span> <span class='ocrx_word' id='word_1_4' title='bbox 2208 225 2217 232; x_wconf 84' lang='lat'>&#39;</span> 
     </span>
    </p>
   </div>
   <div class='ocr_carea' id='block_1_2' title="bbox 160 297 1759 654">
    <p class='ocr_par' dir='ltr' id='par_1_2' title="bbox 160 297 1759 654">
     <span class='ocr_line' id='line_1_2' title="bbox 166 297 1756 375; baseline 0.001 -15"><span class='ocrx_word' id='word_1_5' title='bbox 166 299 363 362; x_wconf 81' lang='lat' dir='ltr'>influere</span> <span class='ocrx_word' id='word_1_6' title='bbox 411 303 468 358; x_wconf 85' lang='lat' dir='ltr'>in</span> <span class='ocrx_word' id='word_1_7' title='bbox 503 297 839 360; x_wconf 63' lang='lat' dir='ltr'>contraaum</span> <span class='ocrx_word' id='word_1_8' title='bbox 871 302 1206 360; x_wconf 67' lang='lat' dir='ltr'><strong>matrimonii</strong></span> <span class='ocrx_word' id='word_1_9' title='bbox 1258 317 1544 375; x_wconf 82' lang='lat' dir='ltr'>qnantum·</span> <span class='ocrx_word' id='word_1_10' title='bbox 1572 305 1642 363; x_wconf 86' lang='lat' dir='ltr'>ad</span> <span class='ocrx_word' id='word_1_11' title='bbox 1674 322 1756 362; x_wconf 82' lang='lat' dir='ltr'>res</span> 
     </span>
     <span class='ocr_line' id='line_1_3' title="bbox 161 373 1757 443; baseline 0.001 -12"><span class='ocrx_word' id='word_1_12' title='bbox 161 375 275 431; x_wconf 82' lang='lat' dir='ltr'>alibi</span> <span class='ocrx_word' id='word_1_13' title='bbox 304 377 449 443; x_wconf 84' lang='lat' dir='ltr'>sitas,</span> <span class='ocrx_word' id='word_1_14' title='bbox 481 389 582 427; x_wconf 84' lang='lat' dir='ltr'>nec</span> <span class='ocrx_word' id='word_1_15' title='bbox 616 376 786 429; x_wconf 86' lang='lat' dir='ltr'>tacito</span> <span class='ocrx_word' id='word_1_16' title='bbox 820 373 990 442; x_wconf 66' lang='lat' dir='ltr'>paao-</span> <span class='ocrx_word' id='word_1_17' title='bbox 1008 378 1226 430; x_wconf 88' lang='lat' dir='ltr'>statutis</span> <span class='ocrx_word' id='word_1_18' title='bbox 1257 375 1486 432; x_wconf 87' lang='lat' dir='ltr'>aliorum</span> <span class='ocrx_word' id='word_1_19' title='bbox 1520 374 1757 432; x_wconf 85' lang='lat' dir='ltr'>locorum</span> 
     </span>
     <span class='ocr_line' id='line_1_4' title="bbox 163 439 1759 513; baseline 0.002 -15"><span class='ocrx_word' id='word_1_20' title='bbox 163 446 307 502; x_wconf 79' lang='lat' dir='ltr'>videri</span> <span class='ocrx_word' id='word_1_21' title='bbox 338 444 664 512; x_wconf 75' lang='lat' dir='ltr'>derogatum.</span> <span class='ocrx_word' id='word_1_22' title='bbox 708 439 891 498; x_wconf 82' lang='lat' dir='ltr'>Primo</span> <span class='ocrx_word' id='word_1_23' title='bbox 925 448 1070 501; x_wconf 88' lang='lat' dir='ltr'>enim</span> <span class='ocrx_word' id='word_1_24' title='bbox 1120 446 1406 501; x_wconf 78' lang='lat' dir='ltr'>assumitur</span> <span class='ocrx_word' id='word_1_25' title='bbox 1460 444 1584 513; x_wconf 87' lang='lat' dir='ltr'>hic,</span> <span class='ocrx_word' id='word_1_26' title='bbox 1616 445 1759 512; x_wconf 85' lang='lat' dir='ltr'>quod</span> 
     </span>
     <span class='ocr_line' id='line_1_5' title="bbox 163 507 1755 589; baseline 0.003 -20"><span class='ocrx_word' id='word_1_27' title='bbox 163 513 469 589; x_wconf 75' lang='lat' dir='ltr'>probandum</span> <span class='ocrx_word' id='word_1_28' title='bbox 501 523 603 580; x_wconf 90' lang='lat' dir='ltr'>est,</span> <span class='ocrx_word' id='word_1_29' title='bbox 636 507 882 581; x_wconf 73' lang='lat' dir='ltr'>cujusque</span> <span class='ocrx_word' id='word_1_30' title='bbox 897 515 1230 570; x_wconf 87' lang='lat' dir='ltr'>contrarium</span> <span class='ocrx_word' id='word_1_31' title='bbox 1263 516 1460 570; x_wconf 87' lang='lat' dir='ltr'>merito</span> <span class='ocrx_word' id='word_1_32' title='bbox 1491 514 1755 574; x_wconf 79' lang='lat' dir='ltr'>dixeris&amp;</span> 
     </span>
     <span class='ocr_line' id='line_1_6' title="bbox 160 579 1758 654; baseline 0.002 -17"><span class='ocrx_word' id='word_1_33' title='bbox 160 585 326 654; x_wconf 71' lang='lat' dir='ltr'>aquius</span> <span class='ocrx_word' id='word_1_34' title='bbox 356 587 407 639; x_wconf 66' lang='lat' dir='ltr'>ot</span> <span class='ocrx_word' id='word_1_35' title='bbox 447 583 640 647; x_wconf 75' lang='lat' dir='ltr'>justius</span> <span class='ocrx_word' id='word_1_36' title='bbox 671 600 797 637; x_wconf 85' lang='lat' dir='ltr'>esse.</span> <span class='ocrx_word' id='word_1_37' title='bbox 833 579 1004 653; x_wconf 86' lang='lat' dir='ltr'>Nam,</span> <span class='ocrx_word' id='word_1_38' title='bbox 1039 600 1141 651; x_wconf 89' lang='lat' dir='ltr'>qua</span> <span class='ocrx_word' id='word_1_39' title='bbox 1173 584 1532 653; x_wconf 82' lang='lat' dir='ltr'>solemnitate,</span> <span class='ocrx_word' id='word_1_40' title='bbox 1567 583 1758 651; x_wconf 85' lang='lat' dir='ltr'>quibus</span> 
     </span>
    </p>
   </div>
   <div class='ocr_carea' id='block_1_3' title="bbox 153 652 1776 4804">
    <p class='ocr_par' dir='ltr' id='par_1_3' title="bbox 153 652 1774 4426">
     <span class='ocr_line' id='line_1_7' title="bbox 162 652 1758 774; baseline 0.001 -67"><span class='ocrx_word' id='word_1_41' title='bbox 162 652 308 707; x_wconf 83' lang='lat' dir='ltr'>modis</span> <span class='ocrx_word' id='word_1_42' title='bbox 338 662 642 733; x_wconf 60' lang='lat' dir='ltr'>contractus</span> <span class='ocrx_word' id='word_1_43' title='bbox 675 668 897 774; x_wconf 46' lang='lat' dir='ltr'>quasque</span> <span class='ocrx_word' id='word_1_44' title='bbox 929 652 1279 710; x_wconf 87' lang='lat' dir='ltr'>celebrandus</span> <span class='ocrx_word' id='word_1_45' title='bbox 1296 658 1389 721; x_wconf 84' lang='lat' dir='ltr'>sit,</span> <span class='ocrx_word' id='word_1_46' title='bbox 1422 654 1641 725; x_wconf 85' lang='lat' dir='ltr'>quando</span> <span class='ocrx_word' id='word_1_47' title='bbox 1671 671 1758 709; x_wconf 88' lang='lat' dir='ltr'>so-</span> 
     </span>
     <span class='ocr_line' id='line_1_8' title="bbox 162 720 1759 794; baseline 0 -17"><span class='ocrx_word' id='word_1_48' title='bbox 162 721 382 777; x_wconf 87' lang='lat' dir='ltr'>lemniter</span> <span class='ocrx_word' id='word_1_49' title='bbox 416 732 583 774; x_wconf 78' lang='lat' dir='ltr'>initus</span> <span class='ocrx_word' id='word_1_50' title='bbox 616 736 679 774; x_wconf 82' lang='lat' dir='ltr'>ac</span> <span class='ocrx_word' id='word_1_51' title='bbox 715 738 808 788; x_wconf 80' lang='lat' dir='ltr'>per</span> <span class='ocrx_word' id='word_1_52' title='bbox 832 720 976 779; x_wconf 69' lang='lat' dir='ltr'>eaus</span> <span class='ocrx_word' id='word_1_53' title='bbox 1009 722 1184 778; x_wconf 90' lang='lat' dir='ltr'>intelli</span> <span class='ocrx_word' id='word_1_54' title='bbox 1222 737 1346 779; x_wconf 85' lang='lat' dir='ltr'>atur</span> <span class='ocrx_word' id='word_1_55' title='bbox 1380 742 1445 780; x_wconf 79' lang='lat' dir='ltr'>ex</span> <span class='ocrx_word' id='word_1_56' title='bbox 1482 722 1598 794; x_wconf 87' lang='lat' dir='ltr'>lege</span> <span class='ocrx_word' id='word_1_57' title='bbox 1631 722 1759 790; x_wconf 87' lang='lat' dir='ltr'>loci,</span> 
     </span>
     <span class='ocr_line' id='line_1_9' title="bbox 162 739 1222 862; baseline 0.006 -18"><span class='ocrx_word' id='word_1_58' title='bbox 162 795 210 844; x_wconf 90' lang='lat' dir='ltr'>in</span> <span class='ocrx_word' id='word_1_59' title='bbox 238 807 332 858; x_wconf 82' lang='lat' dir='ltr'>quo</span> <span class='ocrx_word' id='word_1_60' title='bbox 351 784 665 845; x_wconf 62' lang='lat' dir='ltr'>contractus</span> <span class='ocrx_word' id='word_1_61' title='bbox 698 789 1016 860; x_wconf 82' lang='lat' dir='ltr'>celebratur,</span> <span class='ocrx_word' id='word_1_62' title='bbox 1049 739 1222 862; x_wconf 80' lang='lat' dir='ltr'>clijudg</span> 
     </span>
     <span class='ocr_line' id='line_1_10' title="bbox 163 858 1759 931; baseline 0.002 -18"><span class='ocrx_word' id='word_1_63' title='bbox 163 876 270 914; x_wconf 75' lang='lat' dir='ltr'>veto</span> <span class='ocrx_word' id='word_1_64' title='bbox 299 874 362 915; x_wconf 80' lang='lat' dir='ltr'>ex</span> <span class='ocrx_word' id='word_1_65' title='bbox 394 861 609 916; x_wconf 82' lang='lat' dir='ltr'>statutis</span> <span class='ocrx_word' id='word_1_66' title='bbox 642 860 879 929; x_wconf 81' lang='lat' dir='ltr'><strong>regionis</strong></span> <span class='ocrx_word' id='word_1_67' title='bbox 912 858 1072 931; x_wconf 87' lang='lat' dir='ltr'>illius,</span> <span class='ocrx_word' id='word_1_68' title='bbox 1106 861 1199 917; x_wconf 91' lang='lat' dir='ltr'>ubi</span> <span class='ocrx_word' id='word_1_69' title='bbox 1233 868 1343 920; x_wconf 75' lang='lat' dir='ltr'>sita:</span> <span class='ocrx_word' id='word_1_70' title='bbox 1376 874 1503 920; x_wconf 89' lang='lat' dir='ltr'>sunt</span> <span class='ocrx_word' id='word_1_71' title='bbox 1537 879 1620 918; x_wconf 87' lang='lat' dir='ltr'>res</span> <span class='ocrx_word' id='word_1_72' title='bbox 1653 866 1759 916; x_wconf 88' lang='lat' dir='ltr'>im-</span> 
     </span>
     <span class='ocr_line' id='line_1_11' title="bbox 161 926 1761 1001; baseline 0.001 -18"><span class='ocrx_word' id='word_1_73' title='bbox 161 926 389 996; x_wconf 79' lang='lat' dir='ltr'>mobiles,</span> <span class='ocrx_word' id='word_1_74' title='bbox 420 928 562 982; x_wconf 87' lang='lat' dir='ltr'>circa</span> <span class='ocrx_word' id='word_1_75' title='bbox 589 943 725 994; x_wconf 83' lang='lat' dir='ltr'>quas</span> <span class='ocrx_word' id='word_1_76' title='bbox 758 930 1018 997; x_wconf 87' lang='lat' dir='ltr'>primario</span> <span class='ocrx_word' id='word_1_77' title='bbox 1051 945 1144 988; x_wconf 86' lang='lat' dir='ltr'>aut</span> <span class='ocrx_word' id='word_1_78' title='bbox 1180 949 1270 1001; x_wconf 82' lang='lat' dir='ltr'>per</span> <span class='ocrx_word' id='word_1_79' title='bbox 1320 931 1761 1000; x_wconf 79' lang='lat' dir='ltr'>consequentiam</span> 
     </span>
     <span class='ocr_line' id='line_1_12' title="bbox 161 994 1760 1064; baseline 0.003 -14"><span class='ocrx_word' id='word_1_80' title='bbox 161 994 434 1052; x_wconf 66' lang='lat' dir='ltr'>contraEius</span> <span class='ocrx_word' id='word_1_81' title='bbox 474 1010 758 1064; x_wconf 57' lang='lat' dir='ltr'>versatum</span> <span class='ocrx_word' id='word_1_82' title='bbox 795 1011 856 1054; x_wconf 82' lang='lat' dir='ltr'>ut</span> <span class='ocrx_word' id='word_1_83' title='bbox 889 998 1095 1058; x_wconf 55' lang='lat' dir='ltr'>dietum</span> <span class='ocrx_word' id='word_1_84' title='bbox 1127 1000 1179 1054; x_wconf 73' lang='lat' dir='ltr'>d.</span> <span class='ocrx_word' id='word_1_85' title='bbox 1198 1003 1283 1056; x_wconf 78' lang='lat' dir='ltr'>tit.</span> <span class='ocrx_word' id='word_1_86' title='bbox 1304 998 1370 1056; x_wconf 81' lang='lat' dir='ltr'>de</span> <span class='ocrx_word' id='word_1_87' title='bbox 1381 1005 1589 1056; x_wconf 66' lang='lat' dir='ltr'>constit.</span> <span class='ocrx_word' id='word_1_88' title='bbox 1609 1000 1760 1054; x_wconf 74' lang='lat' dir='ltr'>Prin-</span> 
     </span>
     <span class='ocr_line' id='line_1_13' title="bbox 168 1065 1758 1144; baseline 0.003 -24"><span class='ocrx_word' id='word_1_89' title='bbox 168 1068 332 1136; x_wconf 63' lang='lat' dir='ltr'>citrum,</span> <span class='ocrx_word' id='word_1_90' title='bbox 366 1077 514 1134; x_wconf 82' lang='lat' dir='ltr'>parte</span> <span class='ocrx_word' id='word_1_91' title='bbox 533 1065 734 1144; x_wconf 70' lang='lat' dir='ltr'>altera,</span> <span class='ocrx_word' id='word_1_92' title='bbox 760 1067 822 1122; x_wconf 84' lang='lat' dir='ltr'>de</span> <span class='ocrx_word' id='word_1_93' title='bbox 842 1072 1060 1125; x_wconf 70' lang='lat' dir='ltr'>statutis·</span> <span class='ocrx_word' id='word_1_94' title='bbox 1079 1090 1132 1124; x_wconf 80' lang='lat' dir='ltr'>n.</span> <span class='ocrx_word' id='word_1_95' title='bbox 1158 1067 1234 1130; x_wconf 81' lang='lat'>15.</span> <span class='ocrx_word' id='word_1_96' title='bbox 1270 1070 1354 1127; x_wconf 88' lang='lat' dir='ltr'>Ac</span> <span class='ocrx_word' id='word_1_97' title='bbox 1375 1070 1618 1139; x_wconf 85' lang='lat' dir='ltr'><strong>proinde,</strong></span> <span class='ocrx_word' id='word_1_98' title='bbox 1635 1086 1758 1124; x_wconf 85' lang='lat' dir='ltr'>cum</span> 
     </span>
     <span class='ocr_line' id='line_1_14' title="bbox 161 1133 1761 1205; baseline 0.004 -16"><span class='ocrx_word' id='word_1_99' title='bbox 161 1136 332 1201; x_wconf 73' lang='lat' dir='ltr'>nuptiae</span> <span class='ocrx_word' id='word_1_100' title='bbox 350 1176 368 1205; x_wconf 93' lang='lat'>,</span> <span class='ocrx_word' id='word_1_101' title='bbox 471 1153 514 1189; x_wconf 60' lang='grc' dir='ltr'><em>κ</em></span> <span class='ocrx_word' id='word_1_102' title='bbox 556 1133 836 1203; x_wconf 64' lang='lat' dir='ltr'>Uitrajeffl</span> <span class='ocrx_word' id='word_1_103' title='bbox 887 1137 1289 1196; x_wconf 85' lang='lat' dir='ltr'>contrahuntur</span> <span class='ocrx_word' id='word_1_104' title='bbox 1364 1155 1472 1193; x_wconf 88' lang='lat' dir='ltr'>non</span> <span class='ocrx_word' id='word_1_105' title='bbox 1528 1152 1656 1194; x_wconf 87' lang='lat' dir='ltr'>ante</span> <span class='ocrx_word' id='word_1_106' title='bbox 1691 1139 1761 1196; x_wconf 89' lang='lat' dir='ltr'>ad</span> 
     </span>
     <span class='ocr_line' id='line_1_15' title="bbox 163 1180 1758 1279; baseline 0.001 -19"><span class='ocrx_word' id='word_1_107' title='bbox 163 1204 364 1269; x_wconf 81' lang='lat' dir='ltr'>produce</span> <span class='ocrx_word' id='word_1_108' title='bbox 535 1210 849 1265; x_wconf 86' lang='lat' dir='ltr'>statutarios</span> <span class='ocrx_word' id='word_1_109' title='bbox 883 1210 1194 1276; x_wconf 84' lang='lat' dir='ltr'><strong>nuptiarum</strong></span> <span class='ocrx_word' id='word_1_110' title='bbox 1228 1180 1441 1265; x_wconf 59' lang='grc' dir='ltr'>εθέἐὶυε</span> <span class='ocrx_word' id='word_1_111' title='bbox 1470 1206 1660 1279; x_wconf 83' lang='lat' dir='ltr'>(secus</span> <span class='ocrx_word' id='word_1_112' title='bbox 1700 1210 1758 1262; x_wconf 90' lang='lat' dir='ltr'>in</span> 
     </span>
     <span class='ocr_line' id='line_1_16' title="bbox 161 1270 1758 1348; baseline -0.001 -18"><span class='ocrx_word' id='word_1_113' title='bbox 161 1270 427 1341; x_wconf 65' lang='lat' dir='ltr'>effectibus,</span> <span class='ocrx_word' id='word_1_114' title='bbox 457 1290 594 1341; x_wconf 88' lang='lat' dir='ltr'>quos</span> <span class='ocrx_word' id='word_1_115' title='bbox 629 1282 822 1343; x_wconf 71' lang='lat' dir='ltr'>nuptia».</span> <span class='ocrx_word' id='word_1_116' title='bbox 860 1276 1061 1334; x_wconf 87' lang='lat' dir='ltr'>habent</span> <span class='ocrx_word' id='word_1_117' title='bbox 1096 1295 1130 1334; x_wconf 85' lang='lat' dir='ltr'>a</span> <span class='ocrx_word' id='word_1_118' title='bbox 1166 1275 1276 1348; x_wconf 79' lang='lat' dir='ltr'>jure</span> <span class='ocrx_word' id='word_1_119' title='bbox 1307 1276 1479 1344; x_wconf 85' lang='lat' dir='ltr'>civili,</span> <span class='ocrx_word' id='word_1_120' title='bbox 1518 1275 1681 1334; x_wconf 81' lang='lat' dir='ltr'>veluti</span> <span class='ocrx_word' id='word_1_121' title='bbox 1704 1283 1758 1331; x_wconf 87' lang='lat' dir='ltr'>in</span> 
     </span>
     <span class='ocr_line' id='line_1_17' title="bbox 165 1340 1760 1415; baseline 0.002 -19"><span class='ocrx_word' id='word_1_122' title='bbox 165 1340 546 1411; x_wconf 79' lang='lat' dir='ltr'>legitimatione,</span> <span class='ocrx_word' id='word_1_123' title='bbox 578 1341 651 1398; x_wconf 89' lang='lat' dir='ltr'>ab</span> <span class='ocrx_word' id='word_1_124' title='bbox 668 1348 924 1402; x_wconf 86' lang='lat' dir='ltr'>intestato</span> <span class='ocrx_word' id='word_1_125' title='bbox 941 1352 1289 1413; x_wconf 77' lang='lat' dir='ltr'><strong>successione,</strong></span> <span class='ocrx_word' id='word_1_126' title='bbox 1305 1349 1372 1405; x_wconf 90' lang='lat' dir='ltr'>de</span> <span class='ocrx_word' id='word_1_127' title='bbox 1396 1345 1586 1415; x_wconf 86' lang='lat' dir='ltr'>quibus</span> <span class='ocrx_word' id='word_1_128' title='bbox 1605 1342 1760 1415; x_wconf 89' lang='lat' dir='ltr'>alibi)</span> 
     </span>
     <span class='ocr_line' id='line_1_18' title="bbox 163 1409 1761 1487; baseline 0.004 -22"><span class='ocrx_word' id='word_1_129' title='bbox 163 1409 371 1477; x_wconf 69' lang='lat' dir='ltr'>perseuae</span> <span class='ocrx_word' id='word_1_130' title='bbox 404 1415 536 1482; x_wconf 84' lang='lat' dir='ltr'>sint,</span> <span class='ocrx_word' id='word_1_131' title='bbox 569 1418 808 1480; x_wconf 67' lang='lat' dir='ltr'>quamsi</span> <span class='ocrx_word' id='word_1_132' title='bbox 841 1419 1115 1473; x_wconf 84' lang='lat' dir='ltr'>accesserit</span> <span class='ocrx_word' id='word_1_133' title='bbox 1139 1418 1199 1471; x_wconf 91' lang='lat' dir='ltr'>in</span> <span class='ocrx_word' id='word_1_134' title='bbox 1238 1415 1457 1474; x_wconf 86' lang='lat' dir='ltr'>thorum</span> <span class='ocrx_word' id='word_1_135' title='bbox 1477 1416 1761 1487; x_wconf 74' lang='lat' dir='ltr'>ingressu8,</span> 
     </span>
     <span class='ocr_line' id='line_1_19' title="bbox 160 1482 1760 1606; baseline 0.004 -70"><span class='ocrx_word' id='word_1_136' title='bbox 160 1483 387 1606; x_wconf 43' lang='lat' dir='ltr'>Quium</span> <span class='ocrx_word' id='word_1_137' title='bbox 420 1497 487 1536; x_wconf 79' lang='lat' dir='ltr'>ex</span> <span class='ocrx_word' id='word_1_138' title='bbox 523 1482 874 1541; x_wconf 84' lang='lat' dir='ltr'>matrimonio</span> <span class='ocrx_word' id='word_1_139' title='bbox 893 1484 1118 1542; x_wconf 84' lang='lat' dir='ltr'>necdum</span> <span class='ocrx_word' id='word_1_140' title='bbox 1154 1502 1245 1554; x_wconf 84' lang='lat' dir='ltr'>per</span> <span class='ocrx_word' id='word_1_141' title='bbox 1262 1482 1610 1544; x_wconf 83' lang='lat' dir='ltr'>concubitum</span> <span class='ocrx_word' id='word_1_142' title='bbox 1645 1501 1760 1554; x_wconf 85' lang='lat' dir='ltr'>per-</span> 
     </span>
     <span class='ocr_line' id='line_1_20' title="bbox 308 1549 1759 1623; baseline 0.003 -17"><span class='ocrx_word' id='word_1_143' title='bbox 308 1549 509 1606; x_wconf 86' lang='lat' dir='ltr'>nullam</span> <span class='ocrx_word' id='word_1_144' title='bbox 546 1568 692 1618; x_wconf 84' lang='lat' dir='ltr'>posse</span> <span class='ocrx_word' id='word_1_145' title='bbox 724 1557 1158 1612; x_wconf 85' lang='lat' dir='ltr'>communionem</span> <span class='ocrx_word' id='word_1_146' title='bbox 1193 1558 1341 1612; x_wconf 89' lang='lat' dir='ltr'>nasci</span> <span class='ocrx_word' id='word_1_147' title='bbox 1376 1551 1609 1623; x_wconf 75' lang='lat' dir='ltr'>respeEiu</span> <span class='ocrx_word' id='word_1_148' title='bbox 1631 1573 1759 1621; x_wconf 67' lang='lat' dir='ltr'>prz-</span> 
     </span>
     <span class='ocr_line' id='line_1_21' title="bbox 163 1616 1760 1692; baseline 0.003 -18"><span class='ocrx_word' id='word_1_149' title='bbox 163 1616 345 1676; x_wconf 81' lang='lat' dir='ltr'>diorum</span> <span class='ocrx_word' id='word_1_150' title='bbox 383 1616 837 1676; x_wconf 86' lang='lat' dir='ltr'>Hollandicorum</span> <span class='ocrx_word' id='word_1_151' title='bbox 859 1664 878 1692; x_wconf 96' lang='lat'>,</span> <span class='ocrx_word' id='word_1_152' title='bbox 910 1625 1040 1681; x_wconf 91' lang='lat' dir='ltr'>dum</span> <span class='ocrx_word' id='word_1_153' title='bbox 1073 1627 1133 1683; x_wconf 82' lang='lat'>&amp;</span> <span class='ocrx_word' id='word_1_154' title='bbox 1185 1621 1452 1683; x_wconf 87' lang='lat' dir='ltr'>Hollandi</span> <span class='ocrx_word' id='word_1_155' title='bbox 1492 1641 1602 1680; x_wconf 90' lang='lat' dir='ltr'>non</span> <span class='ocrx_word' id='word_1_156' title='bbox 1638 1623 1760 1679; x_wconf 89' lang='lat' dir='ltr'>aliis</span> 
     </span>
     <span class='ocr_line' id='line_1_22' title="bbox 161 1688 1761 1760; baseline 0.002 -17"><span class='ocrx_word' id='word_1_157' title='bbox 161 1693 358 1755; x_wconf 83' lang='lat' dir='ltr'>nuptiiis</span> <span class='ocrx_word' id='word_1_158' title='bbox 391 1706 554 1760; x_wconf 84' lang='lat' dir='ltr'>quam</span> <span class='ocrx_word' id='word_1_159' title='bbox 606 1688 855 1758; x_wconf 69' lang='lat' dir='ltr'>perfeEiis</span> <span class='ocrx_word' id='word_1_160' title='bbox 890 1691 1033 1750; x_wconf 85' lang='lat' dir='ltr'>hunc</span> <span class='ocrx_word' id='word_1_161' title='bbox 1067 1697 1462 1752; x_wconf 88' lang='lat' dir='ltr'>communionis</span> <span class='ocrx_word' id='word_1_162' title='bbox 1511 1691 1761 1751; x_wconf 66' lang='lat' dir='ltr'>effeEium</span> 
     </span>
     <span class='ocr_line' id='line_1_23' title="bbox 160 1754 1760 1829; baseline 0.006 -20"><span class='ocrx_word' id='word_1_163' title='bbox 160 1756 461 1816; x_wconf 74' lang='lat' dir='ltr'>adscribunt.</span> <span class='ocrx_word' id='word_1_164' title='bbox 498 1754 961 1829; x_wconf 78' lang='lat' dir='ltr'>Quemadmodum</span> <span class='ocrx_word' id='word_1_165' title='bbox 996 1768 1111 1820; x_wconf 84' lang='lat' dir='ltr'>vice</span> <span class='ocrx_word' id='word_1_166' title='bbox 1145 1782 1295 1820; x_wconf 87' lang='lat' dir='ltr'>versa</span> <span class='ocrx_word' id='word_1_167' title='bbox 1330 1767 1634 1822; x_wconf 88' lang='lat' dir='ltr'>communia</span> <span class='ocrx_word' id='word_1_168' title='bbox 1669 1762 1760 1819; x_wconf 86' lang='lat' dir='ltr'>fie-</span> 
     </span>
     <span class='ocr_line' id='line_1_24' title="bbox 159 1826 1759 1899; baseline 0.006 -20"><span class='ocrx_word' id='word_1_169' title='bbox 159 1838 263 1882; x_wconf 83' lang='lat' dir='ltr'>rent</span> <span class='ocrx_word' id='word_1_170' title='bbox 294 1830 483 1895; x_wconf 64' lang='lat' dir='ltr'>predia</span> <span class='ocrx_word' id='word_1_171' title='bbox 531 1826 889 1899; x_wconf 72' lang='lat' dir='ltr'>ultrajefflna</span> <span class='ocrx_word' id='word_1_172' title='bbox 921 1833 991 1890; x_wconf 89' lang='lat' dir='ltr'>ad</span> <span class='ocrx_word' id='word_1_173' title='bbox 1029 1829 1329 1890; x_wconf 88' lang='lat' dir='ltr'>Hollandos</span> <span class='ocrx_word' id='word_1_174' title='bbox 1366 1833 1424 1888; x_wconf 89' lang='lat' dir='ltr'>in</span> <span class='ocrx_word' id='word_1_175' title='bbox 1463 1829 1759 1892; x_wconf 79' lang='lat' dir='ltr'>Hollandia</span> 
     </span>
     <span class='ocr_line' id='line_1_25' title="bbox 157 1898 1761 1974; baseline 0.005 -26"><span class='ocrx_word' id='word_1_176' title='bbox 157 1898 539 1956; x_wconf 67' lang='lat' dir='ltr'>nutri-nouitati</span> <span class='ocrx_word' id='word_1_177' title='bbox 572 1898 953 1959; x_wconf 83' lang='lat' dir='ltr'>contrahentes</span> <span class='ocrx_word' id='word_1_178' title='bbox 971 1905 1292 1970; x_wconf 78' lang='lat' dir='ltr'>pertinentia</span> <span class='ocrx_word' id='word_1_179' title='bbox 1348 1920 1509 1974; x_wconf 87' lang='lat' dir='ltr'>quam</span> <span class='ocrx_word' id='word_1_180' title='bbox 1593 1905 1761 1962; x_wconf 90' lang='lat' dir='ltr'>imum</span> 
     </span>
     <span class='ocr_line' id='line_1_26' title="bbox 158 1921 1759 2050; baseline 0.007 -28"><span class='ocrx_word' id='word_1_181' title='bbox 158 1960 439 2050; x_wconf 64' lang='lat' dir='ltr'>benedictio</span> <span class='ocrx_word' id='word_1_182' title='bbox 471 1969 817 2027; x_wconf 74' lang='lat' dir='ltr'>sacerdotalis</span> <span class='ocrx_word' id='word_1_183' title='bbox 853 1974 1069 2044; x_wconf 78' lang='lat' dir='ltr'>nuptias</span> <span class='ocrx_word' id='word_1_184' title='bbox 1103 1978 1160 2029; x_wconf 89' lang='lat' dir='ltr'>in</span> <span class='ocrx_word' id='word_1_185' title='bbox 1199 1943 1499 2029; x_wconf 72' lang='lat' dir='ltr'>Hollandia</span> <span class='ocrx_word' id='word_1_186' title='bbox 1520 1921 1759 2034; x_wconf 58' lang='lat' dir='ltr'>K‘nnave—</span> 
     </span>
     <span class='ocr_line' id='line_1_27' title="bbox 159 2036 1761 2116; baseline 0.006 -26"><span class='ocrx_word' id='word_1_187' title='bbox 159 2047 240 2099; x_wconf 76' lang='lat' dir='ltr'>t1t3</span> <span class='ocrx_word' id='word_1_188' title='bbox 271 2036 389 2116; x_wconf 73' lang='lat' dir='ltr'>hcet</span> <span class='ocrx_word' id='word_1_189' title='bbox 422 2036 743 2095; x_wconf 76' lang='lat' dir='ltr'>concubitus</span> <span class='ocrx_word' id='word_1_190' title='bbox 779 2041 1005 2098; x_wconf 86' lang='lat' dir='ltr'>necdum</span> <span class='ocrx_word' id='word_1_191' title='bbox 1040 2039 1355 2099; x_wconf 78' lang='lat' dir='ltr'>subsecutus</span> <span class='ocrx_word' id='word_1_192' title='bbox 1384 2043 1486 2098; x_wconf 87' lang='lat' dir='ltr'>sit:</span> <span class='ocrx_word' id='word_1_193' title='bbox 1522 2061 1588 2102; x_wconf 89' lang='lat' dir='ltr'>eo</span> <span class='ocrx_word' id='word_1_194' title='bbox 1621 2043 1761 2110; x_wconf 82' lang='lat' dir='ltr'>quod</span> 
     </span>
     <span class='ocr_line' id='line_1_28' title="bbox 161 2098 1759 2178; baseline 0.006 -20"><span class='ocrx_word' id='word_1_195' title='bbox 161 2098 487 2173; x_wconf 72' lang='lat' dir='ltr'>Ultra1ectini</span> <span class='ocrx_word' id='word_1_196' title='bbox 524 2105 772 2175; x_wconf 86' lang='lat' dir='ltr'>perfectis</span> <span class='ocrx_word' id='word_1_197' title='bbox 823 2111 1027 2178; x_wconf 89' lang='lat' dir='ltr'>nuptiis</span> <span class='ocrx_word' id='word_1_198' title='bbox 1062 2110 1201 2167; x_wconf 88' lang='lat' dir='ltr'>hanc</span> <span class='ocrx_word' id='word_1_199' title='bbox 1249 2112 1641 2170; x_wconf 78' lang='lat' dir='ltr'>communionis</span> <span class='ocrx_word' id='word_1_200' title='bbox 1675 2116 1759 2167; x_wconf 87' lang='lat' dir='ltr'>in-</span> 
     </span>
     <span class='ocr_line' id='line_1_29' title="bbox 159 2169 1759 2252; baseline 0.005 -22"><span class='ocrx_word' id='word_1_201' title='bbox 159 2169 384 2233; x_wconf 61' lang='lat' dir='ltr'>ducenda</span> <span class='ocrx_word' id='word_1_202' title='bbox 418 2175 668 2236; x_wconf 72' lang='lat' dir='ltr'>tribmnt</span> <span class='ocrx_word' id='word_1_203' title='bbox 689 2173 1020 2249; x_wconf 74' lang='lat' dir='ltr'>facultatem,</span> <span class='ocrx_word' id='word_1_204' title='bbox 1038 2177 1280 2248; x_wconf 70' lang='lat' dir='ltr'>perfecta</span> <span class='ocrx_word' id='word_1_205' title='bbox 1302 2196 1430 2236; x_wconf 88' lang='lat' dir='ltr'>vero</span> <span class='ocrx_word' id='word_1_206' title='bbox 1464 2194 1613 2248; x_wconf 78' lang='lat' dir='ltr'>sunt,</span> <span class='ocrx_word' id='word_1_207' title='bbox 1647 2200 1759 2252; x_wconf 62' lang='lat' dir='ltr'>qux</span> 
     </span>
     <span class='ocr_line' id='line_1_30' title="bbox 159 2239 1760 2321; baseline 0.005 -23"><span class='ocrx_word' id='word_1_208' title='bbox 159 2239 395 2302; x_wconf 70' lang='lat' dir='ltr'>adhibitis</span> <span class='ocrx_word' id='word_1_209' title='bbox 431 2244 573 2303; x_wconf 87' lang='lat' dir='ltr'>illius</span> <span class='ocrx_word' id='word_1_210' title='bbox 608 2244 732 2317; x_wconf 86' lang='lat' dir='ltr'>loci,</span> <span class='ocrx_word' id='word_1_211' title='bbox 767 2253 825 2305; x_wconf 90' lang='lat' dir='ltr'>in</span> <span class='ocrx_word' id='word_1_212' title='bbox 843 2254 1248 2321; x_wconf 86' lang='lat' dir='ltr'>quoineuntur,</span> <span class='ocrx_word' id='word_1_213' title='bbox 1280 2246 1610 2308; x_wconf 85' lang='lat' dir='ltr'>solemnibus</span> <span class='ocrx_word' id='word_1_214' title='bbox 1627 2268 1760 2306; x_wconf 83' lang='lat' dir='ltr'>con-</span> 
     </span>
     <span class='ocr_line' id='line_1_31' title="bbox 158 2313 1760 2390; baseline 0.006 -24"><span class='ocrx_word' id='word_1_215' title='bbox 158 2321 336 2370; x_wconf 75' lang='lat' dir='ltr'>tracta.</span> <span class='ocrx_word' id='word_1_216' title='bbox 393 2313 544 2372; x_wconf 88' lang='lat' dir='ltr'>Nam</span> <span class='ocrx_word' id='word_1_217' title='bbox 575 2318 634 2376; x_wconf 66' lang='lat' dir='ltr'>a&amp;</span> <span class='ocrx_word' id='word_1_218' title='bbox 665 2318 713 2370; x_wconf 89' lang='lat' dir='ltr'>si</span> <span class='ocrx_word' id='word_1_219' title='bbox 747 2314 948 2390; x_wconf 79' lang='lat' dir='ltr'>fingas,</span> <span class='ocrx_word' id='word_1_220' title='bbox 983 2325 1038 2377; x_wconf 90' lang='lat' dir='ltr'>in</span> <span class='ocrx_word' id='word_1_221' title='bbox 1077 2320 1188 2376; x_wconf 88' lang='lat' dir='ltr'>alio</span> <span class='ocrx_word' id='word_1_222' title='bbox 1221 2332 1370 2376; x_wconf 81' lang='lat' dir='ltr'>extra</span> <span class='ocrx_word' id='word_1_223' title='bbox 1409 2315 1760 2376; x_wconf 84' lang='lat' dir='ltr'>Hollandiam</span> 
     </span>
     <span class='ocr_line' id='line_1_32' title="bbox 157 2375 1762 2459; baseline 0.005 -23"><span class='ocrx_word' id='word_1_224' title='bbox 157 2375 294 2449; x_wconf 87' lang='lat' dir='ltr'>loco,</span> <span class='ocrx_word' id='word_1_225' title='bbox 329 2388 384 2437; x_wconf 90' lang='lat' dir='ltr'>in</span> <span class='ocrx_word' id='word_1_226' title='bbox 421 2402 528 2453; x_wconf 91' lang='lat' dir='ltr'>quo</span> <span class='ocrx_word' id='word_1_227' title='bbox 557 2387 721 2443; x_wconf 87' lang='lat' dir='ltr'>etiam</span> <span class='ocrx_word' id='word_1_228' title='bbox 754 2396 1039 2446; x_wconf 74' lang='lat' dir='ltr'>statuentia</span> <span class='ocrx_word' id='word_1_229' title='bbox 1086 2407 1156 2446; x_wconf 81' lang='lat' dir='ltr'>ex</span> <span class='ocrx_word' id='word_1_230' title='bbox 1199 2390 1399 2459; x_wconf 88' lang='lat' dir='ltr'>nuptiis</span> <span class='ocrx_word' id='word_1_231' title='bbox 1450 2393 1762 2448; x_wconf 86' lang='lat' dir='ltr'>communio</span> 
     </span>
     <span class='ocr_line' id='line_1_33' title="bbox 153 2454 1762 2575; baseline 0.004 -66"><span class='ocrx_word' id='word_1_232' title='bbox 153 2460 239 2530; x_wconf 61' lang='lat' dir='ltr'>eft,</span> <span class='ocrx_word' id='word_1_233' title='bbox 270 2454 488 2575; x_wconf 54' lang='lat' dir='ltr'>nuptias</span> <span class='ocrx_word' id='word_1_234' title='bbox 522 2473 617 2522; x_wconf 86' lang='lat' dir='ltr'>per</span> <span class='ocrx_word' id='word_1_235' title='bbox 648 2454 790 2513; x_wconf 85' lang='lat' dir='ltr'>illius</span> <span class='ocrx_word' id='word_1_236' title='bbox 824 2455 932 2516; x_wconf 86' lang='lat' dir='ltr'>loci</span> <span class='ocrx_word' id='word_1_237' title='bbox 973 2455 1239 2528; x_wconf 74' lang='lat' dir='ltr'>subiectos</span> <span class='ocrx_word' id='word_1_238' title='bbox 1287 2478 1399 2517; x_wconf 83' lang='lat' dir='ltr'>esse</span> <span class='ocrx_word' id='word_1_239' title='bbox 1452 2473 1762 2516; x_wconf 83' lang='lat' dir='ltr'>contractus</span> 
     </span>
     <span class='ocr_line' id='line_1_34' title="bbox 155 2522 1763 2605; baseline 0.005 -30"><span class='ocrx_word' id='word_1_240' title='bbox 155 2535 256 2575; x_wconf 71' lang='lat' dir='ltr'>stne</span> <span class='ocrx_word' id='word_1_241' title='bbox 286 2522 342 2605; x_wconf 76' lang='lat' dir='ltr'>ul</span> <span class='ocrx_word' id='word_1_242' title='bbox 368 2542 402 2577; x_wconf 93' lang='lat' dir='ltr'>o</span> <span class='ocrx_word' id='word_1_243' title='bbox 424 2524 907 2583; x_wconf 85' lang='lat' dir='ltr'>denunciationum</span> <span class='ocrx_word' id='word_1_244' title='bbox 941 2528 1276 2597; x_wconf 88' lang='lat' dir='ltr'>publicarum</span> <span class='ocrx_word' id='word_1_245' title='bbox 1295 2530 1624 2598; x_wconf 79' lang='lat' dir='ltr'>interventu,</span> <span class='ocrx_word' id='word_1_246' title='bbox 1640 2546 1763 2585; x_wconf 87' lang='lat' dir='ltr'>cum</span> 
     </span>
     <span class='ocr_line' id='line_1_35' title="bbox 155 2585 1763 2671; baseline 0.007 -28"><span class='ocrx_word' id='word_1_247' title='bbox 155 2585 228 2671; x_wconf 63' lang='lat' dir='ltr'>wel</span> <span class='ocrx_word' id='word_1_248' title='bbox 256 2607 375 2647; x_wconf 81' lang='lat' dir='ltr'>stne</span> <span class='ocrx_word' id='word_1_249' title='bbox 406 2591 735 2651; x_wconf 79' lang='lat' dir='ltr'>solemnibus</span> <span class='ocrx_word' id='word_1_250' title='bbox 764 2594 1279 2655; x_wconf 86' lang='lat' dir='ltr'>denunciationibus</span> <span class='ocrx_word' id='word_1_251' title='bbox 1313 2597 1536 2667; x_wconf 81' lang='lat' dir='ltr'>publicis</span> <span class='ocrx_word' id='word_1_252' title='bbox 1570 2597 1645 2654; x_wconf 87' lang='lat' dir='ltr'>ibi</span> <span class='ocrx_word' id='word_1_253' title='bbox 1664 2618 1763 2655; x_wconf 89' lang='lat' dir='ltr'>nu-</span> 
     </span>
     <span class='ocr_line' id='line_1_36' title="bbox 154 2661 1764 2738; baseline 0.005 -21"><span class='ocrx_word' id='word_1_254' title='bbox 154 2665 257 2723; x_wconf 65' lang='lat' dir='ltr'>pua</span> <span class='ocrx_word' id='word_1_255' title='bbox 290 2674 507 2730; x_wconf 90' lang='lat' dir='ltr'>possent</span> <span class='ocrx_word' id='word_1_256' title='bbox 541 2661 814 2733; x_wconf 86' lang='lat' dir='ltr'>contrahi,</span> <span class='ocrx_word' id='word_1_257' title='bbox 851 2662 970 2737; x_wconf 86' lang='lat' dir='ltr'>vel,</span> <span class='ocrx_word' id='word_1_258' title='bbox 1004 2685 1128 2725; x_wconf 88' lang='lat' dir='ltr'>cum</span> <span class='ocrx_word' id='word_1_259' title='bbox 1162 2666 1271 2727; x_wconf 65' lang='lat' dir='ltr'>hac</span> <span class='ocrx_word' id='word_1_260' title='bbox 1306 2667 1764 2738; x_wconf 82' lang='lat' dir='ltr'>desiderarentur,</span> 
     </span>
     <span class='ocr_line' id='line_1_37' title="bbox 153 2730 1763 2811; baseline 0.007 -27"><span class='ocrx_word' id='word_1_261' title='bbox 153 2736 399 2811; x_wconf 60' lang='lat' dir='ltr'>statutum</span> <span class='ocrx_word' id='word_1_262' title='bbox 431 2745 612 2790; x_wconf 89' lang='lat' dir='ltr'>tamen</span> <span class='ocrx_word' id='word_1_263' title='bbox 646 2732 749 2790; x_wconf 88' lang='lat' dir='ltr'>loci</span> <span class='ocrx_word' id='word_1_264' title='bbox 783 2747 931 2791; x_wconf 86' lang='lat' dir='ltr'>certa</span> <span class='ocrx_word' id='word_1_265' title='bbox 967 2755 1118 2805; x_wconf 80' lang='lat' dir='ltr'>poena</span> <span class='ocrx_word' id='word_1_266' title='bbox 1147 2744 1205 2793; x_wconf 89' lang='lat' dir='ltr'>in</span> <span class='ocrx_word' id='word_1_267' title='bbox 1239 2730 1552 2797; x_wconf 76' lang='lat' dir='ltr'>omittentes</span> <span class='ocrx_word' id='word_1_268' title='bbox 1574 2757 1763 2808; x_wconf 82' lang='lat' dir='ltr'>propo-</span> 
     </span>
     <span class='ocr_line' id='line_1_38' title="bbox 158 2806 1765 2875; baseline 0.005 -20"><span class='ocrx_word' id='word_1_269' title='bbox 158 2807 248 2851; x_wconf 63' lang='lat' dir='ltr'>sita</span> <span class='ocrx_word' id='word_1_270' title='bbox 280 2814 600 2858; x_wconf 89' lang='lat' dir='ltr'>contentum</span> <span class='ocrx_word' id='word_1_271' title='bbox 631 2807 723 2873; x_wconf 84' lang='lat' dir='ltr'>sit,</span> <span class='ocrx_word' id='word_1_272' title='bbox 758 2816 816 2859; x_wconf 86' lang='lat' dir='ltr'>at</span> <span class='ocrx_word' id='word_1_273' title='bbox 847 2806 915 2862; x_wconf 89' lang='lat' dir='ltr'>de</span> <span class='ocrx_word' id='word_1_274' title='bbox 949 2819 1141 2864; x_wconf 63' lang='lat' dir='ltr'>cetero</span> <span class='ocrx_word' id='word_1_275' title='bbox 1175 2809 1386 2875; x_wconf 84' lang='lat' dir='ltr'>nuptias</span> <span class='ocrx_word' id='word_1_276' title='bbox 1409 2807 1765 2866; x_wconf 80' lang='lat' dir='ltr'>nihilomiuus</span> 
     </span>
     <span class='ocr_line' id='line_1_39' title="bbox 156 2866 1765 2947; baseline 0.007 -25"><span class='ocrx_word' id='word_1_277' title='bbox 156 2879 286 2947; x_wconf 56' lang='lat' dir='ltr'>rfftas</span> <span class='ocrx_word' id='word_1_278' title='bbox 320 2866 518 2927; x_wconf 82' lang='lat' dir='ltr'>habeat</span> <span class='ocrx_word' id='word_1_279' title='bbox 539 2870 628 2942; x_wconf 82' lang='lat' dir='ltr'>(de</span> <span class='ocrx_word' id='word_1_280' title='bbox 659 2890 767 2944; x_wconf 87' lang='lat' dir='ltr'>quo</span> <span class='ocrx_word' id='word_1_281' title='bbox 800 2892 900 2932; x_wconf 80' lang='lat' dir='ltr'>nos</span> <span class='ocrx_word' id='word_1_282' title='bbox 934 2879 993 2932; x_wconf 83' lang='lat' dir='ltr'>in</span> <span class='ocrx_word' id='word_1_283' title='bbox 1026 2892 1103 2944; x_wconf 74' lang='lat' dir='ltr'>pr.</span> <span class='ocrx_word' id='word_1_284' title='bbox 1142 2874 1302 2945; x_wconf 62' lang='lat' dir='ltr'>hujux</span> <span class='ocrx_word' id='word_1_285' title='bbox 1336 2873 1523 2947; x_wconf 69' lang='lat' dir='ltr'>tituli)</span> <span class='ocrx_word' id='word_1_286' title='bbox 1558 2878 1679 2935; x_wconf 87' lang='lat' dir='ltr'>ideo</span> <span class='ocrx_word' id='word_1_287' title='bbox 1701 2897 1765 2933; x_wconf 86' lang='lat' dir='ltr'>ne</span> 
     </span>
     <span class='ocr_line' id='line_1_40' title="bbox 155 2932 1765 3024; baseline 0.009 -33"><span class='ocrx_word' id='word_1_288' title='bbox 155 2932 374 3024; x_wconf 70' lang='lat' dir='ltr'>dicemus</span> <span class='ocrx_word' id='word_1_289' title='bbox 395 2980 414 3010; x_wconf 93' lang='lat'>,</span> <span class='ocrx_word' id='word_1_290' title='bbox 444 2950 876 3001; x_wconf 80' lang='lat' dir='ltr'>communionem</span> <span class='ocrx_word' id='word_1_291' title='bbox 911 2946 1185 3003; x_wconf 86' lang='lat' dir='ltr'>inductam</span> <span class='ocrx_word' id='word_1_292' title='bbox 1218 2964 1332 3004; x_wconf 84' lang='lat' dir='ltr'>esse</span> <span class='ocrx_word' id='word_1_293' title='bbox 1383 2961 1644 3019; x_wconf 88' lang='lat' dir='ltr'>quantum</span> <span class='ocrx_word' id='word_1_294' title='bbox 1695 2948 1765 3005; x_wconf 89' lang='lat' dir='ltr'>ad</span> 
     </span>
     <span class='ocr_line' id='line_1_41' title="bbox 158 3008 1765 3088; baseline 0.01 -30"><span class='ocrx_word' id='word_1_295' title='bbox 158 3008 442 3064; x_wconf 70' lang='lat' dir='ltr'>nnmobilia</span> <span class='ocrx_word' id='word_1_296' title='bbox 478 3013 538 3068; x_wconf 88' lang='lat' dir='ltr'>in</span> <span class='ocrx_word' id='word_1_297' title='bbox 572 3010 694 3073; x_wconf 87' lang='lat' dir='ltr'>loco</span> <span class='ocrx_word' id='word_1_298' title='bbox 709 3016 1049 3072; x_wconf 74' lang='lat' dir='ltr'>matrimonii</span> <span class='ocrx_word' id='word_1_299' title='bbox 1083 3017 1349 3073; x_wconf 84' lang='lat' dir='ltr'>contracti</span> <span class='ocrx_word' id='word_1_300' title='bbox 1383 3023 1504 3088; x_wconf 88' lang='lat' dir='ltr'>sita,</span> <span class='ocrx_word' id='word_1_301' title='bbox 1525 3037 1635 3076; x_wconf 88' lang='lat' dir='ltr'>non</span> <span class='ocrx_word' id='word_1_302' title='bbox 1654 3037 1765 3075; x_wconf 91' lang='lat' dir='ltr'>esse</span> 
     </span>
     <span class='ocr_line' id='line_1_42' title="bbox 158 3083 1765 3164; baseline 0.004 -27"><span class='ocrx_word' id='word_1_303' title='bbox 158 3083 577 3164; x_wconf 48' lang='lat' dir='ltr'>oemqiunionem</span> <span class='ocrx_word' id='word_1_304' title='bbox 609 3097 874 3153; x_wconf 83' lang='lat' dir='ltr'>quantum</span> <span class='ocrx_word' id='word_1_305' title='bbox 906 3086 975 3147; x_wconf 85' lang='lat' dir='ltr'>ad</span> <span class='ocrx_word' id='word_1_306' title='bbox 1013 3088 1205 3155; x_wconf 70' lang='lat' dir='ltr'>predia</span> <span class='ocrx_word' id='word_1_307' title='bbox 1227 3085 1566 3147; x_wconf 83' lang='lat' dir='ltr'>-Hollandica</span> <span class='ocrx_word' id='word_1_308' title='bbox 1587 3126 1605 3159; x_wconf 86' lang='lat'>,</span> <span class='ocrx_word' id='word_1_309' title='bbox 1640 3091 1765 3160; x_wconf 88' lang='lat' dir='ltr'>quia</span> 
     </span>
     <span class='ocr_line' id='line_1_43' title="bbox 160 3150 1766 3218; baseline 0.001 -5"><span class='ocrx_word' id='word_1_310' title='bbox 160 3157 346 3213; x_wconf 67' lang='lat' dir='ltr'>nuptus</span> <span class='ocrx_word' id='word_1_311' title='bbox 380 3150 580 3210; x_wconf 76' lang='lat' dir='ltr'>talibus</span> <span class='ocrx_word' id='word_1_312' title='bbox 614 3153 919 3216; x_wconf 84' lang='lat' dir='ltr'>adhibenda</span> <span class='ocrx_word' id='word_1_313' title='bbox 953 3174 1020 3216; x_wconf 80' lang='lat' dir='ltr'>ex</span> <span class='ocrx_word' id='word_1_314' title='bbox 1054 3173 1261 3218; x_wconf 85' lang='lat' dir='ltr'>statuto</span> <span class='ocrx_word' id='word_1_315' title='bbox 1317 3154 1647 3217; x_wconf 79' lang='lat' dir='ltr'>Hollandico</span> <span class='ocrx_word' id='word_1_316' title='bbox 1678 3176 1766 3214; x_wconf 91' lang='lat' dir='ltr'>so·</span> 
     </span>
     <span class='ocr_line' id='line_1_44' title="bbox 234 3220 1768 3303; baseline 0.007 -30"><span class='ocrx_word' id='word_1_317' title='bbox 234 3223 350 3303; x_wconf 31' lang='lat' dir='ltr'>‘nia‘</span> <span class='ocrx_word' id='word_1_318' title='bbox 376 3220 588 3281; x_wconf 83' lang='lat' dir='ltr'>desunt.</span> <span class='ocrx_word' id='word_1_319' title='bbox 624 3221 777 3296; x_wconf 82' lang='lat' dir='ltr'>Quin</span> <span class='ocrx_word' id='word_1_320' title='bbox 813 3234 1022 3300; x_wconf 87' lang='lat' dir='ltr'>potius,</span> <span class='ocrx_word' id='word_1_321' title='bbox 1070 3232 1118 3287; x_wconf 87' lang='lat' dir='ltr'>si</span> <span class='ocrx_word' id='word_1_322' title='bbox 1151 3231 1433 3287; x_wconf 81' lang='lat' dir='ltr'>certiorem</span> <span class='ocrx_word' id='word_1_323' title='bbox 1486 3245 1768 3297; x_wconf 86' lang='lat' dir='ltr'>sequamur</span> 
     </span>
     <span class='ocr_line' id='line_1_45' title="bbox 159 3296 1768 3372; baseline 0.005 -27"><span class='ocrx_word' id='word_1_324' title='bbox 159 3296 424 3372; x_wconf 63' lang='lat' dir='ltr'>tationem,</span> <span class='ocrx_word' id='word_1_325' title='bbox 456 3296 796 3355; x_wconf 86' lang='lat' dir='ltr'>statuendum</span> <span class='ocrx_word' id='word_1_326' title='bbox 827 3299 951 3367; x_wconf 82' lang='lat' dir='ltr'>erit,</span> <span class='ocrx_word' id='word_1_327' title='bbox 988 3317 1063 3356; x_wconf 90' lang='lat' dir='ltr'>nu</span> <span class='ocrx_word' id='word_1_328' title='bbox 1098 3302 1192 3354; x_wconf 87' lang='lat' dir='ltr'>tiis</span> <span class='ocrx_word' id='word_1_329' title='bbox 1209 3317 1519 3370; x_wconf 75' lang='lat' dir='ltr'>quacunque</span> <span class='ocrx_word' id='word_1_330' title='bbox 1551 3301 1768 3355; x_wconf 86' lang='lat' dir='ltr'>ratione</span> 
     </span>
     <span class='ocr_line' id='line_1_46' title="bbox 159 3319 1766 3442; baseline 0.007 -34"><span class='ocrx_word' id='word_1_331' title='bbox 159 3367 260 3410; x_wconf 87' lang='lat' dir='ltr'>non</span> <span class='ocrx_word' id='word_1_332' title='bbox 295 3376 352 3416; x_wconf 77' lang='lat' dir='ltr'>in</span> <span class='ocrx_word' id='word_1_333' title='bbox 371 3356 620 3422; x_wconf 79' lang='lat' dir='ltr'>fraudem</span> <span class='ocrx_word' id='word_1_334' title='bbox 652 3366 818 3425; x_wconf 68' lang='lat' dir='ltr'>alieni</span> <span class='ocrx_word' id='word_1_335' title='bbox 833 3370 1024 3426; x_wconf 86' lang='lat' dir='ltr'>statuti</span> <span class='ocrx_word' id='word_1_336' title='bbox 1056 3319 1291 3442; x_wconf 57' lang='lat' dir='ltr'>ssgitime</span> <span class='ocrx_word' id='word_1_337' title='bbox 1309 3370 1620 3440; x_wconf 84' lang='lat' dir='ltr'>contractis,</span> <span class='ocrx_word' id='word_1_338' title='bbox 1645 3365 1766 3426; x_wconf 90' lang='lat' dir='ltr'>ubi-</span> 
     </span>
     <span class='ocr_line' id='line_1_47' title="bbox 161 3426 1768 3508; baseline 0.002 -19"><span class='ocrx_word' id='word_1_339' title='bbox 161 3436 251 3489; x_wconf 59' lang='lat' dir='ltr'>ve</span> <span class='ocrx_word' id='word_1_340' title='bbox 281 3426 518 3490; x_wconf 73' lang='lat' dir='ltr'>locorum</span> <span class='ocrx_word' id='word_1_341' title='bbox 551 3450 671 3490; x_wconf 90' lang='lat' dir='ltr'>eam</span> <span class='ocrx_word' id='word_1_342' title='bbox 703 3454 816 3494; x_wconf 90' lang='lat' dir='ltr'>esse</span> <span class='ocrx_word' id='word_1_343' title='bbox 852 3438 963 3492; x_wconf 82' lang='lat' dir='ltr'>vim</span> <span class='ocrx_word' id='word_1_344' title='bbox 997 3436 1340 3496; x_wconf 82' lang='lat' dir='ltr'>tribuendam</span> <span class='ocrx_word' id='word_1_345' title='bbox 1417 3456 1581 3508; x_wconf 60' lang='lat' dir='ltr'>‚quam</span> <span class='ocrx_word' id='word_1_346' title='bbox 1623 3437 1768 3506; x_wconf 78' lang='lat' dir='ltr'>iustis</span> 
     </span>
     <span class='ocr_line' id='line_1_48' title="bbox 163 3478 1768 3580; baseline 0.002 -18"><span class='ocrx_word' id='word_1_347' title='bbox 163 3500 344 3574; x_wconf 54' lang='lat' dir='ltr'>qumis</span> <span class='ocrx_word' id='word_1_348' title='bbox 376 3519 446 3558; x_wconf 81' lang='lat' dir='ltr'>ex</span> <span class='ocrx_word' id='word_1_349' title='bbox 478 3516 723 3574; x_wconf 87' lang='lat' dir='ltr'>statuto,</span> <span class='ocrx_word' id='word_1_350' title='bbox 759 3518 857 3562; x_wconf 85' lang='lat' dir='ltr'>aut</span> <span class='ocrx_word' id='word_1_351' title='bbox 958 3520 1048 3564; x_wconf 89' lang='lat' dir='ltr'>cto</span> <span class='ocrx_word' id='word_1_352' title='bbox 1077 3508 1249 3565; x_wconf 89' lang='lat' dir='ltr'>dotali</span> <span class='ocrx_word' id='word_1_353' title='bbox 1286 3478 1451 3563; x_wconf 82' lang='lat' dir='ltr'>tribui</span> <span class='ocrx_word' id='word_1_354' title='bbox 1488 3511 1768 3580; x_wconf 85' lang='lat' dir='ltr'>regionum</span> 
     </span>
     <span class='ocr_line' id='line_1_49' title="bbox 165 3568 1766 3648; baseline 0.005 -22"><span class='ocrx_word' id='word_1_355' title='bbox 165 3568 473 3648; x_wconf 66' lang='lat' dir='ltr'>¹²figulatum</span> <span class='ocrx_word' id='word_1_356' title='bbox 506 3574 840 3634; x_wconf 83' lang='lat' dir='ltr'>consuetudo</span> <span class='ocrx_word' id='word_1_357' title='bbox 895 3588 1009 3645; x_wconf 74' lang='lat' dir='ltr'>ert3</span> <span class='ocrx_word' id='word_1_358' title='bbox 1043 3582 1121 3634; x_wconf 88' lang='lat' dir='ltr'>uti</span> <span class='ocrx_word' id='word_1_359' title='bbox 1159 3579 1496 3635; x_wconf 84' lang='lat' dir='ltr'>testamentis</span> <span class='ocrx_word' id='word_1_360' title='bbox 1529 3596 1596 3634; x_wconf 79' lang='lat' dir='ltr'>ex</span> <span class='ocrx_word' id='word_1_361' title='bbox 1628 3574 1766 3634; x_wconf 85' lang='lat' dir='ltr'>sole-</span> 
     </span>
     <span class='ocr_line' id='line_1_50' title="bbox 166 3639 1767 3716; baseline 0.004 -22"><span class='ocrx_word' id='word_1_362' title='bbox 166 3643 382 3695; x_wconf 66' lang='lat' dir='ltr'>mantare</span> <span class='ocrx_word' id='word_1_363' title='bbox 415 3639 746 3701; x_wconf 81' lang='lat' dir='ltr'>Hollandica</span> <span class='ocrx_word' id='word_1_364' title='bbox 778 3646 1013 3704; x_wconf 88' lang='lat' dir='ltr'>conditis</span> <span class='ocrx_word' id='word_1_365' title='bbox 1048 3652 1128 3702; x_wconf 89' lang='lat' dir='ltr'>vis</span> <span class='ocrx_word' id='word_1_366' title='bbox 1161 3646 1325 3703; x_wconf 87' lang='lat' dir='ltr'>tribui</span> <span class='ocrx_word' id='word_1_367' title='bbox 1360 3644 1496 3703; x_wconf 88' lang='lat' dir='ltr'>solet</span> <span class='ocrx_word' id='word_1_368' title='bbox 1514 3649 1767 3716; x_wconf 85' lang='lat' dir='ltr'>operandi</span> 
     </span>
     <span class='ocr_line' id='line_1_51' title="bbox 163 3712 1768 3787; baseline 0.003 -21"><span class='ocrx_word' id='word_1_369' title='bbox 163 3714 404 3766; x_wconf 63' lang='lat' dir='ltr'>‘imorum</span> <span class='ocrx_word' id='word_1_370' title='bbox 435 3712 508 3769; x_wconf 91' lang='lat' dir='ltr'>od</span> <span class='ocrx_word' id='word_1_371' title='bbox 543 3728 730 3770; x_wconf 89' lang='lat' dir='ltr'>omnes</span> <span class='ocrx_word' id='word_1_372' title='bbox 762 3719 1033 3772; x_wconf 84' lang='lat' dir='ltr'>testatoris</span> <span class='ocrx_word' id='word_1_373' title='bbox 1067 3736 1167 3785; x_wconf 89' lang='lat' dir='ltr'>res,</span> <span class='ocrx_word' id='word_1_374' title='bbox 1204 3715 1330 3773; x_wconf 90' lang='lat' dir='ltr'>licet</span> <span class='ocrx_word' id='word_1_375' title='bbox 1367 3714 1444 3772; x_wconf 89' lang='lat' dir='ltr'>ibi</span> <span class='ocrx_word' id='word_1_376' title='bbox 1480 3721 1639 3787; x_wconf 87' lang='lat' dir='ltr'>sitas,</span> <span class='ocrx_word' id='word_1_377' title='bbox 1675 3714 1768 3773; x_wconf 88' lang='lat' dir='ltr'>ubi</span> 
     </span>
     <span class='ocr_line' id='line_1_52' title="bbox 165 3768 1769 3863; baseline 0.006 -30"><span class='ocrx_word' id='word_1_378' title='bbox 165 3768 242 3826; x_wconf 72' lang='lat' dir='ltr'>Vel</span> <span class='ocrx_word' id='word_1_379' title='bbox 273 3776 477 3863; x_wconf 36' lang='lat' dir='ltr'>alia‘vel</span> <span class='ocrx_word' id='word_1_380' title='bbox 516 3779 688 3852; x_wconf 78' lang='lat' dir='ltr'>maior</span> <span class='ocrx_word' id='word_1_381' title='bbox 706 3797 1151 3844; x_wconf 81' lang='lat' dir='ltr'>testamentorum</span> <span class='ocrx_word' id='word_1_382' title='bbox 1183 3784 1490 3843; x_wconf 85' lang='lat' dir='ltr'>solemnitas</span> <span class='ocrx_word' id='word_1_383' title='bbox 1516 3798 1610 3843; x_wconf 86' lang='lat' dir='ltr'>est.</span> <span class='ocrx_word' id='word_1_384' title='bbox 1650 3782 1769 3843; x_wconf 86' lang='lat' dir='ltr'>Nec</span> 
     </span>
     <span class='ocr_line' id='line_1_53' title="bbox 166 3851 1771 3926; baseline 0.002 -21"><span class='ocrx_word' id='word_1_385' title='bbox 166 3851 297 3900; x_wconf 61' lang='grc' dir='ltr'>ΜΝ</span> <span class='ocrx_word' id='word_1_386' title='bbox 324 3851 526 3925; x_wconf 74' lang='lat' dir='ltr'>dicam,</span> <span class='ocrx_word' id='word_1_387' title='bbox 559 3855 750 3911; x_wconf 78' lang='lat' dir='ltr'>dutum</span> <span class='ocrx_word' id='word_1_388' title='bbox 785 3854 920 3911; x_wconf 87' lang='lat' dir='ltr'>illud</span> <span class='ocrx_word' id='word_1_389' title='bbox 956 3858 1013 3912; x_wconf 68' lang='grc' dir='ltr'>ὅ(</span> <span class='ocrx_word' id='word_1_390' title='bbox 1051 3854 1408 3921; x_wconf 78' lang='lat' dir='ltr'>inhumanum</span> <span class='ocrx_word' id='word_1_391' title='bbox 1435 3854 1694 3926; x_wconf 82' lang='lat' dir='ltr'>futurum,</span> <span class='ocrx_word' id='word_1_392' title='bbox 1728 3860 1771 3911; x_wconf 89' lang='lat' dir='ltr'>si</span> 
     </span>
     <span class='ocr_line' id='line_1_54' title="bbox 165 3900 1771 3994; baseline -0.002 -11"><span class='ocrx_word' id='word_1_393' title='bbox 165 3900 562 3994; x_wconf 62' lang='lat' dir='ltr'>Ultralefflnus,</span> <span class='ocrx_word' id='word_1_394' title='bbox 595 3923 710 3983; x_wconf 77' lang='lat' dir='ltr'>sola</span> <span class='ocrx_word' id='word_1_395' title='bbox 748 3919 1102 3991; x_wconf 73' lang='lat' dir='ltr'>Ultraiefflna</span> <span class='ocrx_word' id='word_1_396' title='bbox 1123 3924 1321 3983; x_wconf 84' lang='lat' dir='ltr'>habens</span> <span class='ocrx_word' id='word_1_397' title='bbox 1335 3926 1534 3994; x_wconf 65' lang='lat' dir='ltr'>predia,</span> <span class='ocrx_word' id='word_1_398' title='bbox 1587 3924 1771 3982; x_wconf 85' lang='lat' dir='ltr'>Ultra·</span> 
     </span>
     <span class='ocr_line' id='line_1_55' title="bbox 261 3969 1772 4074; baseline 0.005 -30"><span class='ocrx_word' id='word_1_399' title='bbox 261 3988 401 4044; x_wconf 71' lang='lat' dir='ltr'>inam</span> <span class='ocrx_word' id='word_1_400' title='bbox 433 4006 529 4049; x_wconf 84' lang='lat' dir='ltr'>aut</span> <span class='ocrx_word' id='word_1_401' title='bbox 569 3988 991 4074; x_wconf 62' lang='lat' dir='ltr'>Islollandicam,</span> <span class='ocrx_word' id='word_1_402' title='bbox 1024 3993 1151 4051; x_wconf 88' lang='lat' dir='ltr'>solis</span> <span class='ocrx_word' id='word_1_403' title='bbox 1187 3997 1393 4062; x_wconf 73' lang='lat' dir='ltr'>praeliis</span> <span class='ocrx_word' id='word_1_404' title='bbox 1431 3969 1772 4053; x_wconf 76' lang='lat' dir='ltr'>Hollandicis</span> 
     </span>
     <span class='ocr_line' id='line_1_56' title="bbox 279 4059 1773 4143; baseline 0.004 -30"><span class='ocrx_word' id='word_1_405' title='bbox 279 4070 382 4143; x_wconf 58' lang='lat'>{¹¹²3</span> <span class='ocrx_word' id='word_1_406' title='bbox 415 4059 695 4133; x_wconf 72' lang='lat' dir='ltr'>Ultrajeffl</span> <span class='ocrx_word' id='word_1_407' title='bbox 731 4080 954 4124; x_wconf 81' lang='lat' dir='ltr'>uxorem</span> <span class='ocrx_word' id='word_1_408' title='bbox 985 4066 1224 4135; x_wconf 86' lang='lat' dir='ltr'>duceret,</span> <span class='ocrx_word' id='word_1_409' title='bbox 1255 4068 1311 4124; x_wconf 85' lang='lat'>&amp;</span> <span class='ocrx_word' id='word_1_410' title='bbox 1333 4067 1479 4122; x_wconf 88' lang='lat' dir='ltr'>inter</span> <span class='ocrx_word' id='word_1_411' title='bbox 1517 4065 1773 4134; x_wconf 82' lang='lat' dir='ltr'>nuptialis</span> 
     </span>
     <span class='ocr_line' id='line_1_57' title="bbox 165 4130 1773 4204; baseline -0.002 -12"><span class='ocrx_word' id='word_1_412' title='bbox 165 4130 384 4194; x_wconf 64' lang='lat' dir='ltr'>5³⁰¹¹V¹V³¹</span> <span class='ocrx_word' id='word_1_413' title='bbox 417 4130 765 4193; x_wconf 67' lang='lat' dir='ltr'>festivitatem</span> <span class='ocrx_word' id='word_1_414' title='bbox 795 4135 1077 4202; x_wconf 86' lang='lat' dir='ltr'>repentina</span> <span class='ocrx_word' id='word_1_415' title='bbox 1112 4147 1283 4191; x_wconf 91' lang='lat' dir='ltr'>morte</span> <span class='ocrx_word' id='word_1_416' title='bbox 1313 4147 1444 4192; x_wconf 86' lang='lat' dir='ltr'>ante</span> <span class='ocrx_word' id='word_1_417' title='bbox 1476 4137 1773 4204; x_wconf 82' lang='lat' dir='ltr'>ingressum</span> 
     </span>
     <span class='ocr_line' id='line_1_58' title="bbox 168 4190 1774 4278; baseline -0.001 -17"><span class='ocrx_word' id='word_1_418' title='bbox 168 4199 222 4241; x_wconf 78' lang='lat'>¹¹¹</span> <span class='ocrx_word' id='word_1_419' title='bbox 255 4190 468 4261; x_wconf 71' lang='lat' dir='ltr'>thorum</span> <span class='ocrx_word' id='word_1_420' title='bbox 499 4202 762 4261; x_wconf 84' lang='lat' dir='ltr'>alteruter</span> <span class='ocrx_word' id='word_1_421' title='bbox 812 4207 1005 4273; x_wconf 86' lang='lat' dir='ltr'>periret</span> <span class='ocrx_word' id='word_1_422' title='bbox 1023 4246 1041 4275; x_wconf 89' lang='lat'>‚</span> <span class='ocrx_word' id='word_1_423' title='bbox 1076 4210 1254 4273; x_wconf 86' lang='lat' dir='ltr'>sponsi</span> <span class='ocrx_word' id='word_1_424' title='bbox 1287 4205 1503 4278; x_wconf 85' lang='lat' dir='ltr'>quidem</span> <span class='ocrx_word' id='word_1_425' title='bbox 1557 4202 1774 4261; x_wconf 86' lang='lat' dir='ltr'>heredes</span> 
     </span>
     <span class='ocr_line' id='line_1_59' title="bbox 168 4262 1774 4379; baseline 0 -50"><span class='ocrx_word' id='word_1_426' title='bbox 168 4262 471 4379; x_wconf 58' lang='lat' dir='ltr'>ffifflomm</span> <span class='ocrx_word' id='word_1_427' title='bbox 525 4270 973 4333; x_wconf 81' lang='lat' dir='ltr'>Hollandicorum</span> <span class='ocrx_word' id='word_1_428' title='bbox 1023 4275 1304 4332; x_wconf 88' lang='lat' dir='ltr'>dimidium</span> <span class='ocrx_word' id='word_1_429' title='bbox 1357 4276 1507 4343; x_wconf 89' lang='lat' dir='ltr'>quasi</span> <span class='ocrx_word' id='word_1_430' title='bbox 1559 4291 1624 4329; x_wconf 81' lang='lat' dir='ltr'>ex</span> <span class='ocrx_word' id='word_1_431' title='bbox 1660 4272 1774 4345; x_wconf 89' lang='lat' dir='ltr'>lege</span> 
     </span>
     <span class='ocr_line' id='line_1_60' title="bbox 273 4339 1773 4426; baseline 0 -31"><span class='ocrx_word' id='word_1_432' title='bbox 273 4348 274 4351; x_wconf 75' lang='grc'>’</span> <span class='ocrx_word' id='word_1_433' title='bbox 326 4339 671 4401; x_wconf 84' lang='lat' dir='ltr'>udicalucrat</span> <span class='ocrx_word' id='word_1_434' title='bbox 714 4362 818 4413; x_wconf 83' lang='lat' dir='ltr'>ros,</span> <span class='ocrx_word' id='word_1_435' title='bbox 852 4362 1054 4426; x_wconf 74' lang='lat' dir='ltr'>sponsas</span> <span class='ocrx_word' id='word_1_436' title='bbox 1090 4362 1216 4403; x_wconf 84' lang='lat' dir='ltr'>vero</span> <span class='ocrx_word' id='word_1_437' title='bbox 1234 4344 1334 4412; x_wconf 85' lang='lat' dir='ltr'>ipsi</span> <span class='ocrx_word' id='word_1_438' title='bbox 1371 4342 1511 4401; x_wconf 84' lang='lat' dir='ltr'>nihil</span> <span class='ocrx_word' id='word_1_439' title='bbox 1545 4344 1773 4399; x_wconf 86' lang='lat' dir='ltr'>vicissim</span> 
     </span>
    </p>

    <p class='ocr_par' dir='ltr' id='par_1_4' title="bbox 171 4408 1776 4671">
     <span class='ocr_line' id='line_1_61' title="bbox 171 4408 1776 4487; baseline 0.002 -22"><span class='ocrx_word' id='word_1_440' title='bbox 171 4408 234 4450; x_wconf 56' lang='grc' dir='ltr'>*ἶ</span> <span class='ocrx_word' id='word_1_441' title='bbox 257 4408 462 4483; x_wconf 51' lang='lat' dir='ltr'>prediis</span> <span class='ocrx_word' id='word_1_442' title='bbox 492 4415 671 4482; x_wconf 84' lang='lat' dir='ltr'>sponsi</span> <span class='ocrx_word' id='word_1_443' title='bbox 762 4413 1078 4486; x_wconf 72' lang='lat' dir='ltr'>ltra1e8iinis</span> <span class='ocrx_word' id='word_1_444' title='bbox 1144 4416 1270 4472; x_wconf 76' lang='lat' dir='ltr'>uaeri</span> <span class='ocrx_word' id='word_1_445' title='bbox 1293 4455 1310 4486; x_wconf 91' lang='lat'>,</span> <span class='ocrx_word' id='word_1_446' title='bbox 1362 4418 1488 4487; x_wconf 86' lang='lat' dir='ltr'>quia</span> <span class='ocrx_word' id='word_1_447' title='bbox 1539 4430 1603 4468; x_wconf 78' lang='lat' dir='ltr'>ex</span> <span class='ocrx_word' id='word_1_448' title='bbox 1659 4413 1776 4482; x_wconf 71' lang='lat' dir='ltr'>lege</span> 
     </span>
     <span class='ocr_line' id='line_1_62' title="bbox 171 4455 1776 4558; baseline -0.002 -17"><span class='ocrx_word' id='word_1_449' title='bbox 171 4455 511 4558; x_wconf 54' lang='lat' dir='ltr'>Ultl&#39;fflefflna</span> <span class='ocrx_word' id='word_1_450' title='bbox 543 4482 619 4541; x_wconf 87' lang='lat' dir='ltr'>ob</span> <span class='ocrx_word' id='word_1_451' title='bbox 649 4481 912 4545; x_wconf 59' lang='lat' dir='ltr'>defeQum</span> <span class='ocrx_word' id='word_1_452' title='bbox 947 4501 1120 4542; x_wconf 88' lang='lat' dir='ltr'>concu</span> <span class='ocrx_word' id='word_1_453' title='bbox 1161 4487 1267 4542; x_wconf 88' lang='lat' dir='ltr'>itus</span> <span class='ocrx_word' id='word_1_454' title='bbox 1318 4490 1375 4540; x_wconf 90' lang='lat' dir='ltr'>in</span> <span class='ocrx_word' id='word_1_455' title='bbox 1409 4479 1776 4551; x_wconf 18' lang='lat' dir='ltr'>*Ultrajeuinis</span> 
     </span>
     <span class='ocr_line' id='line_1_63' title="bbox 175 4526 1775 4667; baseline 0.003 -61"><span class='ocrx_word' id='word_1_456' title='bbox 175 4526 340 4667; x_wconf 46' lang='grc' dir='ltr'>ἓξὲξ</span> <span class='ocrx_word' id='word_1_457' title='bbox 370 4556 676 4611; x_wconf 85' lang='lat' dir='ltr'>communio</span> <span class='ocrx_word' id='word_1_458' title='bbox 710 4555 940 4615; x_wconf 77' lang='lat' dir='ltr'>necdum</span> <span class='ocrx_word' id='word_1_459' title='bbox 976 4568 1104 4610; x_wconf 86' lang='lat' dir='ltr'>nata</span> <span class='ocrx_word' id='word_1_460' title='bbox 1136 4567 1233 4611; x_wconf 88' lang='lat' dir='ltr'>est.</span> <span class='ocrx_word' id='word_1_461' title='bbox 1287 4551 1350 4610; x_wconf 89' lang='lat' dir='ltr'>Si</span> <span class='ocrx_word' id='word_1_462' title='bbox 1382 4553 1583 4612; x_wconf 77' lang='lat' dir='ltr'>dixeris</span> <span class='ocrx_word' id='word_1_463' title='bbox 1635 4551 1775 4608; x_wconf 87' lang='lat' dir='ltr'>hanc</span> 
     </span>
     <span class='ocr_line' id='line_1_64' title="bbox 312 4630 414 4671; baseline 0.059 -6"><span class='ocrx_word' id='word_1_464' title='bbox 312 4630 414 4671; x_wconf 79' lang='lat' dir='ltr'>iem</span> 
     </span>
    </p>

    <p class='ocr_par' dir='ltr' id='par_1_5' title="bbox 171 4736 244 4804">
     <span class='ocr_line' id='line_1_65' title="bbox 171 4736 244 4804; baseline 0 -2"><span class='ocrx_word' id='word_1_465' title='bbox 171 4736 244 4804; x_wconf 72' lang='lat' dir='ltr'>lia</span> 
     </span>
    </p>
   </div>
   <div class='ocr_carea' id='block_1_4' title="bbox 1206 794 1756 858">
    <p class='ocr_par' dir='ltr' id='par_1_6' title="bbox 1206 794 1756 858">
     <span class='ocr_line' id='line_1_66' title="bbox 1206 794 1756 858; baseline -0.002 -10"><span class='ocrx_word' id='word_1_466' title='bbox 1206 794 1460 851; x_wconf 88' lang='lat' dir='ltr'>icandum</span> <span class='ocrx_word' id='word_1_467' title='bbox 1494 805 1573 849; x_wconf 90' lang='lat' dir='ltr'>est</span> <span class='ocrx_word' id='word_1_468' title='bbox 1592 832 1610 858; x_wconf 85' lang='lat'>,</span> <span class='ocrx_word' id='word_1_469' title='bbox 1646 809 1756 847; x_wconf 89' lang='lat' dir='ltr'>non</span> 
     </span>
    </p>
   </div>
   <div class='ocr_carea' id='block_1_5' title="bbox 357 4620 1778 4765">
    <p class='ocr_par' dir='ltr' id='par_1_7' title="bbox 357 4620 1778 4765">
     <span class='ocr_line' id='line_1_67' title="bbox 447 4620 1776 4698; baseline -0.002 -20"><span class='ocrx_word' id='word_1_470' title='bbox 447 4640 481 4679; x_wconf 80' lang='lat' dir='ltr'>a</span> <span class='ocrx_word' id='word_1_471' title='bbox 515 4622 632 4698; x_wconf 86' lang='lat' dir='ltr'>lege</span> <span class='ocrx_word' id='word_1_472' title='bbox 664 4642 794 4693; x_wconf 72' lang='lat' dir='ltr'>esse,</span> <span class='ocrx_word' id='word_1_473' title='bbox 825 4642 890 4680; x_wconf 92' lang='lat' dir='ltr'>ac</span> <span class='ocrx_word' id='word_1_474' title='bbox 925 4620 1089 4693; x_wconf 60' lang='lat' dir='ltr'>patus</span> <span class='ocrx_word' id='word_1_475' title='bbox 1120 4621 1391 4682; x_wconf 82' lang='lat' dir='ltr'>dotalibus</span> <span class='ocrx_word' id='word_1_476' title='bbox 1414 4621 1533 4681; x_wconf 86' lang='lat' dir='ltr'>huic</span> <span class='ocrx_word' id='word_1_477' title='bbox 1568 4624 1776 4679; x_wconf 86' lang='lat' dir='ltr'>incom-</span> 
     </span>
     <span class='ocr_line' id='line_1_68' title="bbox 357 4688 1778 4765; baseline -0.004 -13"><span class='ocrx_word' id='word_1_478' title='bbox 357 4693 588 4753; x_wconf 74' lang='lat' dir='ltr'>potuisse</span> <span class='ocrx_word' id='word_1_479' title='bbox 619 4696 864 4764; x_wconf 67' lang='lat' dir='ltr'>occurri,</span> <span class='ocrx_word' id='word_1_480' title='bbox 897 4694 1244 4765; x_wconf 83' lang='lat' dir='ltr'>cogitandum</span> <span class='ocrx_word' id='word_1_481' title='bbox 1280 4695 1405 4761; x_wconf 88' lang='lat' dir='ltr'>erit,</span> <span class='ocrx_word' id='word_1_482' title='bbox 1441 4688 1592 4761; x_wconf 64' lang='lat' dir='ltr'>pasta</span> <span class='ocrx_word' id='word_1_483' title='bbox 1626 4694 1778 4749; x_wconf 88' lang='lat' dir='ltr'>dota·-</span> 
     </span>
    </p>
   </div>
   <div class='ocr_carea' id='block_1_6' title="bbox 277 4822 1145 4903">
    <p class='ocr_par' dir='ltr' id='par_1_8' title="bbox 277 4822 1145 4903">
     <span class='ocr_line' id='line_1_69' title="bbox 277 4822 1145 4903; baseline -0.005 -9"><span class='ocrx_word' id='word_1_484' title='bbox 277 4900 282 4903; x_wconf 62' lang='grc'><strong>,</strong></span> <span class='ocrx_word' id='word_1_485' title='bbox 314 4822 435 4888; x_wconf 77' lang='lat' dir='ltr'>Vm</span> <span class='ocrx_word' id='word_1_486' title='bbox 467 4834 549 4892; x_wconf 64' lang='lat' dir='ltr'>aa</span> <span class='ocrx_word' id='word_1_487' title='bbox 575 4834 827 4895; x_wconf 60' lang='lat' dir='ltr'>Panaeti.</span> <span class='ocrx_word' id='word_1_488' title='bbox 864 4837 1006 4894; x_wconf 72' lang='lat' dir='ltr'>rom,</span> <span class='ocrx_word' id='word_1_489' title='bbox 1045 4833 1145 4891; x_wconf 77' lang='grc' dir='ltr'>ιν.</span> 
     </span>
    </p>
   </div>
   <div class='ocr_carea' id='block_1_7' title="bbox 1812 300 3461 997">
    <p class='ocr_par' dir='ltr' id='par_1_9' title="bbox 1812 300 3461 997">
     <span class='ocr_line' id='line_1_70' title="bbox 1886 300 3457 371; baseline -0.003 -7"><span class='ocrx_word' id='word_1_490' title='bbox 1886 312 2158 365; x_wconf 59' lang='lat' dir='ltr'>wionem</span> <span class='ocrx_word' id='word_1_491' title='bbox 2195 315 2339 361; x_wconf 87' lang='lat' dir='ltr'>nunc</span> <span class='ocrx_word' id='word_1_492' title='bbox 2372 319 2507 369; x_wconf 87' lang='lat' dir='ltr'>esse,</span> <span class='ocrx_word' id='word_1_493' title='bbox 2541 301 2755 371; x_wconf 87' lang='lat' dir='ltr'>quando</span> <span class='ocrx_word' id='word_1_494' title='bbox 2787 301 3193 359; x_wconf 80' lang='lat' dir='ltr'>matrimonium</span> <span class='ocrx_word' id='word_1_495' title='bbox 3222 303 3293 359; x_wconf 87' lang='lat' dir='ltr'>ad</span> <span class='ocrx_word' id='word_1_496' title='bbox 3329 300 3457 361; x_wconf 82' lang='lat' dir='ltr'>effe·</span> 
     </span>
     <span class='ocr_line' id='line_1_71' title="bbox 1812 323 3458 443; baseline -0.004 -10"><span class='ocrx_word' id='word_1_497' title='bbox 1812 323 1930 433; x_wconf 43' lang='lat' dir='ltr'>&amp;us</span> <span class='ocrx_word' id='word_1_498' title='bbox 1965 392 2034 435; x_wconf 81' lang='lat' dir='ltr'>ex</span> <span class='ocrx_word' id='word_1_499' title='bbox 2069 385 2275 431; x_wconf 85' lang='lat' dir='ltr'>statuto</span> <span class='ocrx_word' id='word_1_500' title='bbox 2311 372 2676 441; x_wconf 87' lang='lat' dir='ltr'>producendos</span> <span class='ocrx_word' id='word_1_501' title='bbox 2729 367 3022 439; x_wconf 73' lang='lat' dir='ltr'>perfectum</span> <span class='ocrx_word' id='word_1_502' title='bbox 3075 369 3458 443; x_wconf 78' lang='lat' dir='ltr'>intelligatur3</span> 
     </span>
     <span class='ocr_line' id='line_1_72' title="bbox 1816 437 3456 514; baseline -0.002 -13"><span class='ocrx_word' id='word_1_503' title='bbox 1816 464 1881 502; x_wconf 89' lang='lat' dir='ltr'>ac</span> <span class='ocrx_word' id='word_1_504' title='bbox 1916 459 2166 514; x_wconf 71' lang='lat' dir='ltr'>praterea</span> <span class='ocrx_word' id='word_1_505' title='bbox 2200 443 2505 504; x_wconf 84' lang='lat' dir='ltr'>ominosam</span> <span class='ocrx_word' id='word_1_506' title='bbox 2540 447 2700 497; x_wconf 87' lang='lat' dir='ltr'>nimis</span> <span class='ocrx_word' id='word_1_507' title='bbox 2736 437 2850 496; x_wconf 86' lang='lat' dir='ltr'>sore</span> <span class='ocrx_word' id='word_1_508' title='bbox 2908 442 3213 507; x_wconf 86' lang='lat' dir='ltr'>pactionem</span> <span class='ocrx_word' id='word_1_509' title='bbox 3268 440 3456 512; x_wconf 87' lang='lat' dir='ltr'>illam,</span> 
     </span>
     <span class='ocr_line' id='line_1_73' title="bbox 1817 507 3459 587; baseline -0.003 -13"><span class='ocrx_word' id='word_1_510' title='bbox 1817 534 1920 587; x_wconf 86' lang='lat' dir='ltr'>qua</span> <span class='ocrx_word' id='word_1_511' title='bbox 1955 517 2084 587; x_wconf 88' lang='lat' dir='ltr'>quid</span> <span class='ocrx_word' id='word_1_512' title='bbox 2120 522 2177 571; x_wconf 89' lang='lat' dir='ltr'>in</span> <span class='ocrx_word' id='word_1_513' title='bbox 2212 530 2396 572; x_wconf 87' lang='lat' dir='ltr'>casum</span> <span class='ocrx_word' id='word_1_514' title='bbox 2432 509 2774 567; x_wconf 88' lang='lat' dir='ltr'>mortalitatis</span> <span class='ocrx_word' id='word_1_515' title='bbox 2831 515 2974 566; x_wconf 89' lang='lat' dir='ltr'>inter</span> <span class='ocrx_word' id='word_1_516' title='bbox 3029 507 3459 569; x_wconf 86' lang='lat' dir='ltr'>benedictionem</span> 
     </span>
     <span class='ocr_line' id='line_1_74' title="bbox 1817 579 3461 643; baseline -0.004 0"><span class='ocrx_word' id='word_1_517' title='bbox 1817 584 2199 643; x_wconf 86' lang='lat' dir='ltr'>sacerdotalem</span> <span class='ocrx_word' id='word_1_518' title='bbox 2252 587 2308 641; x_wconf 66' lang='grc' dir='ltr'>ἃ</span> <span class='ocrx_word' id='word_1_519' title='bbox 2342 580 2691 638; x_wconf 88' lang='lat' dir='ltr'>concubitum</span> <span class='ocrx_word' id='word_1_520' title='bbox 2744 580 3163 637; x_wconf 83' lang='lat' dir='ltr'>intervenientes</span> <span class='ocrx_word' id='word_1_521' title='bbox 3208 579 3461 638; x_wconf 83' lang='lat' dir='ltr'>obtinere</span> 
     </span>
     <span class='ocr_line' id='line_1_75' title="bbox 1817 647 3459 723; baseline -0.005 -11"><span class='ocrx_word' id='word_1_522' title='bbox 1817 655 2054 723; x_wconf 85' lang='lat' dir='ltr'>deberet,</span> <span class='ocrx_word' id='word_1_523' title='bbox 2086 651 2454 711; x_wconf 78' lang='lat' dir='ltr'>definiendum</span> <span class='ocrx_word' id='word_1_524' title='bbox 2491 648 2662 719; x_wconf 86' lang='lat' dir='ltr'>foret,</span> <span class='ocrx_word' id='word_1_525' title='bbox 2697 647 2870 717; x_wconf 89' lang='lat' dir='ltr'>qualis</span> <span class='ocrx_word' id='word_1_526' title='bbox 2903 650 3153 708; x_wconf 83' lang='lat' dir='ltr'>ominosa</span> <span class='ocrx_word' id='word_1_527' title='bbox 3188 655 3459 717; x_wconf 81' lang='lat' dir='ltr'>pactionis</span> 
     </span>
     <span class='ocr_line' id='line_1_76' title="bbox 1821 718 3458 791; baseline -0.005 -10"><span class='ocrx_word' id='word_1_528' title='bbox 1821 726 2102 784; x_wconf 86' lang='lat' dir='ltr'>necessitas</span> <span class='ocrx_word' id='word_1_529' title='bbox 2139 741 2247 782; x_wconf 88' lang='lat' dir='ltr'>non</span> <span class='ocrx_word' id='word_1_530' title='bbox 2286 720 2574 778; x_wconf 87' lang='lat' dir='ltr'>videbatur</span> <span class='ocrx_word' id='word_1_531' title='bbox 2608 718 2929 791; x_wconf 87' lang='lat' dir='ltr'>opponenda</span> <span class='ocrx_word' id='word_1_532' title='bbox 2970 733 3100 774; x_wconf 87' lang='lat' dir='ltr'>voto</span> <span class='ocrx_word' id='word_1_533' title='bbox 3131 718 3458 791; x_wconf 80' lang='lat' dir='ltr'>conjugum,</span> 
     </span>
     <span class='ocr_line' id='line_1_77' title="bbox 1822 791 3458 864; baseline -0.004 -12"><span class='ocrx_word' id='word_1_534' title='bbox 1822 812 1930 864; x_wconf 91' lang='lat' dir='ltr'>quo</span> <span class='ocrx_word' id='word_1_535' title='bbox 1959 795 2311 862; x_wconf 86' lang='lat' dir='ltr'>diuturnum,</span> <span class='ocrx_word' id='word_1_536' title='bbox 2345 795 2453 845; x_wconf 91' lang='lat' dir='ltr'>imo</span> <span class='ocrx_word' id='word_1_537' title='bbox 2488 802 2796 859; x_wconf 86' lang='lat' dir='ltr'>perpetuum</span> <span class='ocrx_word' id='word_1_538' title='bbox 2834 791 2952 843; x_wconf 78' lang='lat' dir='ltr'>vitae</span> <span class='ocrx_word' id='word_1_539' title='bbox 2987 793 3317 846; x_wconf 85' lang='lat' dir='ltr'>consortium</span> <span class='ocrx_word' id='word_1_540' title='bbox 3359 808 3458 846; x_wconf 86' lang='lat' dir='ltr'>vo·</span> 
     </span>
     <span class='ocr_line' id='line_1_78' title="bbox 1823 857 3455 932; baseline -0.003 -13"><span class='ocrx_word' id='word_1_541' title='bbox 1823 884 1945 922; x_wconf 83' lang='lat' dir='ltr'>vere</span> <span class='ocrx_word' id='word_1_542' title='bbox 1980 873 2398 932; x_wconf 65' lang='lat' dir='ltr'>praesumuntur,</span> <span class='ocrx_word' id='word_1_543' title='bbox 2433 877 2544 932; x_wconf 85' lang='lat' dir='ltr'>arg.</span> <span class='ocrx_word' id='word_1_544' title='bbox 2584 861 2618 915; x_wconf 88' lang='lat' dir='ltr'>l.</span> <span class='ocrx_word' id='word_1_545' title='bbox 2656 878 2779 913; x_wconf 86' lang='lat' dir='ltr'>cum</span> <span class='ocrx_word' id='word_1_546' title='bbox 2812 857 2922 913; x_wconf 75' lang='lat' dir='ltr'>tale</span> <span class='ocrx_word' id='word_1_547' title='bbox 2997 873 3044 911; x_wconf 83' lang='lat'>2.</span> <span class='ocrx_word' id='word_1_548' title='bbox 3082 859 3139 914; x_wconf 79' lang='lat' dir='ltr'>in</span> <span class='ocrx_word' id='word_1_549' title='bbox 3168 872 3243 925; x_wconf 75' lang='lat' dir='ltr'>pr.</span> <span class='ocrx_word' id='word_1_550' title='bbox 3274 857 3346 929; x_wconf 82' lang='lat' dir='ltr'>ff.</span> <span class='ocrx_word' id='word_1_551' title='bbox 3388 860 3455 915; x_wconf 84' lang='lat' dir='ltr'>de</span> 
     </span>
     <span class='ocr_line' id='line_1_79' title="bbox 1820 925 3456 997; baseline -0.004 -5"><span class='ocrx_word' id='word_1_552' title='bbox 1820 932 2013 992; x_wconf 77' lang='lat' dir='ltr'>condit.</span> <span class='ocrx_word' id='word_1_553' title='bbox 2049 931 2115 993; x_wconf 65' lang='lat'>(⁶5</span> <span class='ocrx_word' id='word_1_554' title='bbox 2150 931 2491 986; x_wconf 67' lang='lat' dir='ltr'>demonstrat.</span> <span class='ocrx_word' id='word_1_555' title='bbox 2530 926 2699 995; x_wconf 82' lang='lat' dir='ltr'>junct.</span> <span class='ocrx_word' id='word_1_556' title='bbox 2736 928 2774 983; x_wconf 90' lang='lat' dir='ltr'>l.</span> <span class='ocrx_word' id='word_1_557' title='bbox 2820 945 2881 984; x_wconf 80' lang='grc' dir='ltr'>ι..</span> <span class='ocrx_word' id='word_1_558' title='bbox 2947 966 2960 978; x_wconf 93' lang='grc'><strong><em>.</em></strong></span> <span class='ocrx_word' id='word_1_559' title='bbox 2997 925 3058 982; x_wconf 83' lang='lat' dir='ltr'>de</span> <span class='ocrx_word' id='word_1_560' title='bbox 3095 929 3202 983; x_wconf 75' lang='lat' dir='ltr'>ritu</span> <span class='ocrx_word' id='word_1_561' title='bbox 3237 945 3380 997; x_wconf 81' lang='lat' dir='ltr'>nupt.</span> <span class='ocrx_word' id='word_1_562' title='bbox 3419 932 3456 986; x_wconf 78' lang='lat' dir='ltr'>l.</span> 
     </span>
    </p>
   </div>
   <div class='ocr_carea' id='block_1_8' title="bbox 1801 995 3457 1074">
    <p class='ocr_par' dir='ltr' id='par_1_10' title="bbox 1801 995 3457 1074">
     <span class='ocr_line' id='line_1_80' title="bbox 1801 995 3457 1074; baseline -0.011 -13"><span class='ocrx_word' id='word_1_563' title='bbox 1801 1024 1871 1062; x_wconf 63' lang='grc' dir='ltr'>ιι.</span> <span class='ocrx_word' id='word_1_564' title='bbox 1895 999 2050 1073; x_wconf 72' lang='lat' dir='ltr'>ffldr</span> <span class='ocrx_word' id='word_1_565' title='bbox 2074 1003 2208 1074; x_wconf 63' lang='lat' dir='ltr'>jure</span> <span class='ocrx_word' id='word_1_566' title='bbox 2225 999 2448 1056; x_wconf 65' lang='lat' dir='ltr'>clarium.</span> <span class='ocrx_word' id='word_1_567' title='bbox 2486 995 2596 1056; x_wconf 87' lang='lat' dir='ltr'>Sed</span> <span class='ocrx_word' id='word_1_568' title='bbox 2632 1000 2686 1056; x_wconf 77' lang='grc' dir='ltr'>δε</span> <span class='ocrx_word' id='word_1_569' title='bbox 2724 995 2978 1066; x_wconf 89' lang='lat' dir='ltr'>secund0,</span> <span class='ocrx_word' id='word_1_570' title='bbox 3016 997 3064 1052; x_wconf 92' lang='lat' dir='ltr'>si</span> <span class='ocrx_word' id='word_1_571' title='bbox 3098 995 3322 1058; x_wconf 86' lang='lat' dir='ltr'>daretur</span> <span class='ocrx_word' id='word_1_572' title='bbox 3339 1016 3457 1056; x_wconf 89' lang='lat' dir='ltr'>ma-</span> 
     </span>
    </p>
   </div>
   <div class='ocr_carea' id='block_1_9' title="bbox 1819 1063 3470 4761">
    <p class='ocr_par' dir='ltr' id='par_1_11' title="bbox 1819 1063 3465 2522">
     <span class='ocr_line' id='line_1_81' title="bbox 1820 1063 3461 1140; baseline -0.003 -9"><span class='ocrx_word' id='word_1_573' title='bbox 1820 1078 2002 1140; x_wconf 79' lang='lat' dir='ltr'>xime,</span> <span class='ocrx_word' id='word_1_574' title='bbox 2037 1089 2102 1129; x_wconf 83' lang='lat' dir='ltr'>ex</span> <span class='ocrx_word' id='word_1_575' title='bbox 2141 1069 2491 1125; x_wconf 86' lang='lat' dir='ltr'>matrimonio</span> <span class='ocrx_word' id='word_1_576' title='bbox 2542 1063 2833 1136; x_wconf 78' lang='lat' dir='ltr'>Ultrajecti</span> <span class='ocrx_word' id='word_1_577' title='bbox 2889 1081 2979 1132; x_wconf 87' lang='lat' dir='ltr'>per</span> <span class='ocrx_word' id='word_1_578' title='bbox 3026 1063 3461 1128; x_wconf 79' lang='lat' dir='ltr'>benedictionem</span> 
     </span>
     <span class='ocr_line' id='line_1_82' title="bbox 1819 1136 3453 1207; baseline -0.002 -7"><span class='ocrx_word' id='word_1_579' title='bbox 1819 1140 2207 1201; x_wconf 85' lang='lat' dir='ltr'>sacerdotalem</span> <span class='ocrx_word' id='word_1_580' title='bbox 2240 1150 2542 1207; x_wconf 82' lang='lat' dir='ltr'>contracto,</span> <span class='ocrx_word' id='word_1_581' title='bbox 2581 1137 2674 1194; x_wconf 87' lang='lat' dir='ltr'>sed</span> <span class='ocrx_word' id='word_1_582' title='bbox 2711 1137 2937 1193; x_wconf 85' lang='lat' dir='ltr'>necdum</span> <span class='ocrx_word' id='word_1_583' title='bbox 2974 1152 3065 1201; x_wconf 86' lang='lat' dir='ltr'>per</span> <span class='ocrx_word' id='word_1_584' title='bbox 3097 1136 3453 1197; x_wconf 87' lang='lat' dir='ltr'>concubitum</span> 
     </span>
     <span class='ocr_line' id='line_1_83' title="bbox 1820 1203 3460 1274; baseline -0.004 -4"><span class='ocrx_word' id='word_1_585' title='bbox 1820 1209 2158 1274; x_wconf 78' lang='lat' dir='ltr'>subsecutum</span> <span class='ocrx_word' id='word_1_586' title='bbox 2192 1206 2516 1267; x_wconf 82' lang='lat' dir='ltr'>confirmato</span> <span class='ocrx_word' id='word_1_587' title='bbox 2576 1203 2904 1264; x_wconf 84' lang='lat' dir='ltr'>Hollandica</span> <span class='ocrx_word' id='word_1_588' title='bbox 2933 1203 3128 1271; x_wconf 66' lang='lat' dir='ltr'>pradia</span> <span class='ocrx_word' id='word_1_589' title='bbox 3160 1207 3305 1268; x_wconf 65' lang='lat' dir='ltr'>,inter</span> <span class='ocrx_word' id='word_1_590' title='bbox 3325 1227 3460 1266; x_wconf 88' lang='lat' dir='ltr'>con-</span> 
     </span>
     <span class='ocr_line' id='line_1_84' title="bbox 1823 1248 3455 1353; baseline -0.006 -14"><span class='ocrx_word' id='word_1_591' title='bbox 1823 1282 1966 1353; x_wconf 80' lang='lat' dir='ltr'>juges</span> <span class='ocrx_word' id='word_1_592' title='bbox 1999 1279 2421 1347; x_wconf 86' lang='lat' dir='ltr'>communicari,</span> <span class='ocrx_word' id='word_1_593' title='bbox 2454 1248 2819 1346; x_wconf 68' lang='lat' dir='ltr'>Ultrajecttna</span> <span class='ocrx_word' id='word_1_594' title='bbox 2856 1291 2968 1330; x_wconf 90' lang='lat' dir='ltr'>non</span> <span class='ocrx_word' id='word_1_595' title='bbox 3006 1278 3134 1330; x_wconf 90' lang='lat' dir='ltr'>item</span> <span class='ocrx_word' id='word_1_596' title='bbox 3159 1318 3178 1344; x_wconf 86' lang='lat'>,</span> <span class='ocrx_word' id='word_1_597' title='bbox 3211 1278 3455 1340; x_wconf 78' lang='lat' dir='ltr'>nondum</span> 
     </span>
     <span class='ocr_line' id='line_1_85' title="bbox 1823 1341 3461 1420; baseline -0.002 -14"><span class='ocrx_word' id='word_1_598' title='bbox 1823 1369 2003 1410; x_wconf 88' lang='lat' dir='ltr'>tamen</span> <span class='ocrx_word' id='word_1_599' title='bbox 2040 1360 2415 1420; x_wconf 79' lang='lat' dir='ltr'>argumentum</span> <span class='ocrx_word' id='word_1_600' title='bbox 2452 1341 2577 1405; x_wconf 87' lang='lat' dir='ltr'>i&#39;nde</span> <span class='ocrx_word' id='word_1_601' title='bbox 2613 1348 2864 1406; x_wconf 84' lang='lat' dir='ltr'>adversus</span> <span class='ocrx_word' id='word_1_602' title='bbox 2899 1352 3334 1406; x_wconf 84' lang='lat' dir='ltr'>communionem</span> <span class='ocrx_word' id='word_1_603' title='bbox 3386 1349 3461 1409; x_wconf 84' lang='lat' dir='ltr'>ad</span> 
     </span>
     <span class='ocr_line' id='line_1_86' title="bbox 1823 1413 3458 1485; baseline -0.007 -7"><span class='ocrx_word' id='word_1_604' title='bbox 1823 1421 1964 1478; x_wconf 87' lang='lat' dir='ltr'>bona</span> <span class='ocrx_word' id='word_1_605' title='bbox 1983 1417 2286 1485; x_wconf 87' lang='lat' dir='ltr'>ubicunque</span> <span class='ocrx_word' id='word_1_606' title='bbox 2319 1419 2421 1474; x_wconf 87' lang='lat' dir='ltr'>sita</span> <span class='ocrx_word' id='word_1_607' title='bbox 2440 1419 2583 1484; x_wconf 86' lang='lat' dir='ltr'>porri</span> <span class='ocrx_word' id='word_1_608' title='bbox 2622 1416 2816 1478; x_wconf 82' lang='lat' dir='ltr'>endam</span> <span class='ocrx_word' id='word_1_609' title='bbox 2835 1413 3153 1484; x_wconf 85' lang='lat' dir='ltr'>stringeret:</span> <span class='ocrx_word' id='word_1_610' title='bbox 3193 1433 3313 1478; x_wconf 82' lang='lat' dir='ltr'>cum</span> <span class='ocrx_word' id='word_1_611' title='bbox 3347 1418 3458 1475; x_wconf 79' lang='lat' dir='ltr'>dici</span> 
     </span>
     <span class='ocr_line' id='line_1_87' title="bbox 1823 1482 3461 1561; baseline -0.004 -15"><span class='ocrx_word' id='word_1_612' title='bbox 1823 1494 2008 1561; x_wconf 85' lang='lat' dir='ltr'>possit,</span> <span class='ocrx_word' id='word_1_613' title='bbox 2046 1488 2095 1546; x_wconf 91' lang='lat' dir='ltr'>U</span> <span class='ocrx_word' id='word_1_614' title='bbox 2100 1483 2467 1556; x_wconf 77' lang='lat' dir='ltr'>ltrajectinum</span> <span class='ocrx_word' id='word_1_615' title='bbox 2486 1492 2572 1555; x_wconf 82' lang='lat' dir='ltr'>qui</span> <span class='ocrx_word' id='word_1_616' title='bbox 2613 1502 2697 1542; x_wconf 92' lang='lat' dir='ltr'>em</span> <span class='ocrx_word' id='word_1_617' title='bbox 2716 1482 3076 1555; x_wconf 77' lang='lat' dir='ltr'>legislatorem</span> <span class='ocrx_word' id='word_1_618' title='bbox 3095 1486 3337 1546; x_wconf 84' lang='lat' dir='ltr'>nondum</span> <span class='ocrx_word' id='word_1_619' title='bbox 3356 1487 3461 1551; x_wconf 59' lang='lat' dir='ltr'>ad:-</span> 
     </span>
     <span class='ocr_line' id='line_1_88' title="bbox 1822 1554 3460 1616; baseline -0.002 -1"><span class='ocrx_word' id='word_1_620' title='bbox 1822 1562 2039 1616; x_wconf 85' lang='lat' dir='ltr'>mittere</span> <span class='ocrx_word' id='word_1_621' title='bbox 2074 1556 2216 1615; x_wconf 90' lang='lat' dir='ltr'>hunc</span> <span class='ocrx_word' id='word_1_622' title='bbox 2252 1560 2588 1612; x_wconf 86' lang='lat' dir='ltr'>matrimonii</span> <span class='ocrx_word' id='word_1_623' title='bbox 2621 1557 2682 1609; x_wconf 87' lang='lat' dir='ltr'>in</span> <span class='ocrx_word' id='word_1_624' title='bbox 2717 1572 2815 1610; x_wconf 89' lang='lat' dir='ltr'>suo</span> <span class='ocrx_word' id='word_1_625' title='bbox 2851 1554 3170 1612; x_wconf 78' lang='lat' dir='ltr'>territorioa</span> <span class='ocrx_word' id='word_1_626' title='bbox 3205 1573 3303 1610; x_wconf 90' lang='lat' dir='ltr'>suo</span> <span class='ocrx_word' id='word_1_627' title='bbox 3331 1555 3460 1616; x_wconf 84' lang='lat' dir='ltr'>sub-</span> 
     </span>
     <span class='ocr_line' id='line_1_89' title="bbox 1819 1620 3454 1694; baseline -0.004 -7"><span class='ocrx_word' id='word_1_628' title='bbox 1819 1631 1936 1688; x_wconf 88' lang='lat' dir='ltr'>dito</span> <span class='ocrx_word' id='word_1_629' title='bbox 1966 1632 2238 1685; x_wconf 80' lang='lat' dir='ltr'>contracti</span> <span class='ocrx_word' id='word_1_630' title='bbox 2261 1621 2525 1694; x_wconf 83' lang='lat' dir='ltr'>effectum,</span> <span class='ocrx_word' id='word_1_631' title='bbox 2559 1627 2683 1693; x_wconf 82' lang='lat' dir='ltr'>quia</span> <span class='ocrx_word' id='word_1_632' title='bbox 2717 1625 3018 1680; x_wconf 87' lang='lat' dir='ltr'>etiamnum</span> <span class='ocrx_word' id='word_1_633' title='bbox 3035 1620 3237 1692; x_wconf 87' lang='lat' dir='ltr'>aliquid</span> <span class='ocrx_word' id='word_1_634' title='bbox 3273 1643 3339 1682; x_wconf 81' lang='lat' dir='ltr'>ex</span> <span class='ocrx_word' id='word_1_635' title='bbox 3367 1645 3454 1684; x_wconf 68' lang='lat' dir='ltr'>re-</span> 
     </span>
     <span class='ocr_line' id='line_1_90' title="bbox 1821 1691 3460 1769; baseline -0.006 -12"><span class='ocrx_word' id='word_1_636' title='bbox 1821 1699 2031 1769; x_wconf 84' lang='lat' dir='ltr'>quisitis</span> <span class='ocrx_word' id='word_1_637' title='bbox 2067 1699 2243 1755; x_wconf 87' lang='lat' dir='ltr'>deesse</span> <span class='ocrx_word' id='word_1_638' title='bbox 2275 1693 2645 1765; x_wconf 83' lang='lat' dir='ltr'>deprehendit,</span> <span class='ocrx_word' id='word_1_639' title='bbox 2680 1699 2972 1763; x_wconf 82' lang='lat' dir='ltr'>ingressum</span> <span class='ocrx_word' id='word_1_640' title='bbox 3007 1691 3211 1752; x_wconf 85' lang='lat' dir='ltr'>scilicet</span> <span class='ocrx_word' id='word_1_641' title='bbox 3236 1696 3294 1748; x_wconf 91' lang='lat' dir='ltr'>in</span> <span class='ocrx_word' id='word_1_642' title='bbox 3335 1694 3460 1754; x_wconf 77' lang='lat' dir='ltr'>tho-</span> 
     </span>
     <span class='ocr_line' id='line_1_91' title="bbox 1824 1756 3450 1838; baseline -0.001 -14"><span class='ocrx_word' id='word_1_643' title='bbox 1824 1786 1940 1825; x_wconf 87' lang='lat' dir='ltr'>rum</span> <span class='ocrx_word' id='word_1_644' title='bbox 1971 1762 2345 1838; x_wconf 63' lang='lat' dir='ltr'>coniugalem,</span> <span class='ocrx_word' id='word_1_645' title='bbox 2384 1765 2473 1820; x_wconf 87' lang='lat' dir='ltr'>sed</span> <span class='ocrx_word' id='word_1_646' title='bbox 2510 1769 2633 1834; x_wconf 86' lang='lat' dir='ltr'>quia</span> <span class='ocrx_word' id='word_1_647' title='bbox 2670 1762 2941 1833; x_wconf 85' lang='lat' dir='ltr'>legislator</span> <span class='ocrx_word' id='word_1_648' title='bbox 2981 1756 3284 1819; x_wconf 83' lang='lat' dir='ltr'>Hollandus</span> <span class='ocrx_word' id='word_1_649' title='bbox 3324 1783 3450 1833; x_wconf 83' lang='lat' dir='ltr'>per-</span> 
     </span>
     <span class='ocr_line' id='line_1_92' title="bbox 1824 1830 3459 1906; baseline -0.003 -13"><span class='ocrx_word' id='word_1_650' title='bbox 1824 1835 1989 1894; x_wconf 83' lang='lat' dir='ltr'>fectas</span> <span class='ocrx_word' id='word_1_651' title='bbox 2023 1840 2340 1906; x_wconf 77' lang='lat' dir='ltr'>pronunciat</span> <span class='ocrx_word' id='word_1_652' title='bbox 2378 1841 2589 1901; x_wconf 87' lang='lat' dir='ltr'>nuptias</span> <span class='ocrx_word' id='word_1_653' title='bbox 2620 1834 2740 1889; x_wconf 88' lang='lat' dir='ltr'>sine</span> <span class='ocrx_word' id='word_1_654' title='bbox 2774 1831 3090 1901; x_wconf 84' lang='lat' dir='ltr'>concubitu,</span> <span class='ocrx_word' id='word_1_655' title='bbox 3124 1847 3190 1886; x_wconf 77' lang='lat' dir='ltr'>ex</span> <span class='ocrx_word' id='word_1_656' title='bbox 3226 1830 3342 1887; x_wconf 88' lang='lat' dir='ltr'>sola</span> <span class='ocrx_word' id='word_1_657' title='bbox 3380 1832 3459 1892; x_wconf 56' lang='lat' dir='ltr'>le*</span> 
     </span>
     <span class='ocr_line' id='line_1_93' title="bbox 1820 1899 3454 1980; baseline 0.001 -20"><span class='ocrx_word' id='word_1_658' title='bbox 1820 1910 2011 1980; x_wconf 83' lang='lat' dir='ltr'>gitime</span> <span class='ocrx_word' id='word_1_659' title='bbox 2045 1901 2291 1962; x_wconf 85' lang='lat' dir='ltr'>adhibita</span> <span class='ocrx_word' id='word_1_660' title='bbox 2310 1902 2623 1962; x_wconf 85' lang='lat' dir='ltr'>sacerdotali</span> <span class='ocrx_word' id='word_1_661' title='bbox 2645 1899 3043 1973; x_wconf 86' lang='lat' dir='ltr'>benedictione,</span> <span class='ocrx_word' id='word_1_662' title='bbox 3076 1916 3200 1958; x_wconf 86' lang='lat' dir='ltr'>eum</span> <span class='ocrx_word' id='word_1_663' title='bbox 3219 1904 3454 1969; x_wconf 84' lang='lat' dir='ltr'>potuisse</span> 
     </span>
     <span class='ocr_line' id='line_1_94' title="bbox 1822 1969 3457 2041; baseline -0.006 -13"><span class='ocrx_word' id='word_1_664' title='bbox 1822 1981 2049 2034; x_wconf 88' lang='lat' dir='ltr'>omnino</span> <span class='ocrx_word' id='word_1_665' title='bbox 2083 1987 2259 2030; x_wconf 89' lang='lat' dir='ltr'>ratum</span> <span class='ocrx_word' id='word_1_666' title='bbox 2301 1970 2495 2029; x_wconf 87' lang='lat' dir='ltr'>babere</span> <span class='ocrx_word' id='word_1_667' title='bbox 2531 1969 2674 2032; x_wconf 87' lang='lat' dir='ltr'>hunc</span> <span class='ocrx_word' id='word_1_668' title='bbox 2708 1985 2892 2027; x_wconf 86' lang='lat' dir='ltr'>actum</span> <span class='ocrx_word' id='word_1_669' title='bbox 2928 1971 3295 2041; x_wconf 89' lang='lat' dir='ltr'>matrimonii,</span> <span class='ocrx_word' id='word_1_670' title='bbox 3333 1983 3457 2030; x_wconf 78' lang='lat' dir='ltr'>tan.</span> 
     </span>
     <span class='ocr_line' id='line_1_95' title="bbox 1822 2037 3456 2115; baseline -0.004 -13"><span class='ocrx_word' id='word_1_671' title='bbox 1822 2064 1981 2115; x_wconf 74' lang='lat' dir='ltr'>quam</span> <span class='ocrx_word' id='word_1_672' title='bbox 2016 2040 2123 2112; x_wconf 74' lang='lat' dir='ltr'>iam</span> <span class='ocrx_word' id='word_1_673' title='bbox 2161 2039 2418 2112; x_wconf 88' lang='lat' dir='ltr'>perfecti,</span> <span class='ocrx_word' id='word_1_674' title='bbox 2452 2037 2667 2110; x_wconf 75' lang='lat' dir='ltr'>ejusque</span> <span class='ocrx_word' id='word_1_675' title='bbox 2703 2039 2920 2100; x_wconf 66' lang='lat' dir='ltr'>effectus</span> <span class='ocrx_word' id='word_1_676' title='bbox 2960 2043 3015 2102; x_wconf 81' lang='lat' dir='ltr'>in</span> <span class='ocrx_word' id='word_1_677' title='bbox 3072 2038 3229 2096; x_wconf 89' lang='lat' dir='ltr'>bonis</span> <span class='ocrx_word' id='word_1_678' title='bbox 3262 2059 3360 2097; x_wconf 90' lang='lat' dir='ltr'>suo</span> <span class='ocrx_word' id='word_1_679' title='bbox 3398 2045 3456 2102; x_wconf 88' lang='lat' dir='ltr'>in</span> 
     </span>
     <span class='ocr_line' id='line_1_96' title="bbox 1824 2110 3458 2179; baseline -0.003 -9"><span class='ocrx_word' id='word_1_680' title='bbox 1824 2118 2099 2173; x_wconf 87' lang='lat' dir='ltr'>territorio</span> <span class='ocrx_word' id='word_1_681' title='bbox 2131 2113 2249 2168; x_wconf 89' lang='lat' dir='ltr'>sitis</span> <span class='ocrx_word' id='word_1_682' title='bbox 2288 2115 2466 2179; x_wconf 83' lang='lat' dir='ltr'>tueri3</span> <span class='ocrx_word' id='word_1_683' title='bbox 2500 2110 2628 2167; x_wconf 84' lang='lat' dir='ltr'>dum</span> <span class='ocrx_word' id='word_1_684' title='bbox 2665 2112 2723 2165; x_wconf 93' lang='lat' dir='ltr'>in</span> <span class='ocrx_word' id='word_1_685' title='bbox 2760 2130 2827 2168; x_wconf 90' lang='lat' dir='ltr'>eo</span> <span class='ocrx_word' id='word_1_686' title='bbox 2845 2123 2970 2166; x_wconf 89' lang='lat' dir='ltr'>actu</span> <span class='ocrx_word' id='word_1_687' title='bbox 3005 2114 3338 2166; x_wconf 85' lang='lat' dir='ltr'>matrimonii</span> <span class='ocrx_word' id='word_1_688' title='bbox 3359 2128 3458 2170; x_wconf 81' lang='lat' dir='ltr'>sua</span> 
     </span>
     <span class='ocr_line' id='line_1_97' title="bbox 1824 2176 3465 2254; baseline -0.005 -14"><span class='ocrx_word' id='word_1_689' title='bbox 1824 2185 2033 2244; x_wconf 80' lang='lat' dir='ltr'>invenit</span> <span class='ocrx_word' id='word_1_690' title='bbox 2067 2182 2367 2247; x_wconf 78' lang='lat' dir='ltr'>solemnia3</span> <span class='ocrx_word' id='word_1_691' title='bbox 2404 2198 2502 2240; x_wconf 88' lang='lat' dir='ltr'>nec</span> <span class='ocrx_word' id='word_1_692' title='bbox 2521 2186 2598 2236; x_wconf 85' lang='lat' dir='ltr'>ita</span> <span class='ocrx_word' id='word_1_693' title='bbox 2634 2180 2692 2235; x_wconf 89' lang='lat' dir='ltr'>in</span> <span class='ocrx_word' id='word_1_694' title='bbox 2734 2176 3153 2246; x_wconf 78' lang='lat' dir='ltr'>Ultrajectinum</span> <span class='ocrx_word' id='word_1_695' title='bbox 3171 2181 3465 2254; x_wconf 84' lang='lat' dir='ltr'>magistra-,</span> 
     </span>
     <span class='ocr_line' id='line_1_98' title="bbox 1826 2246 3458 2321; baseline -0.003 -10"><span class='ocrx_word' id='word_1_696' title='bbox 1826 2270 1937 2311; x_wconf 86' lang='lat' dir='ltr'>tum</span> <span class='ocrx_word' id='word_1_697' title='bbox 1975 2250 2199 2320; x_wconf 77' lang='lat' dir='ltr'>injurius</span> <span class='ocrx_word' id='word_1_698' title='bbox 2234 2249 2339 2307; x_wconf 87' lang='lat' dir='ltr'>dici</span> <span class='ocrx_word' id='word_1_699' title='bbox 2375 2262 2581 2321; x_wconf 85' lang='lat' dir='ltr'>potest,</span> <span class='ocrx_word' id='word_1_700' title='bbox 2615 2263 2707 2306; x_wconf 88' lang='lat' dir='ltr'>aut</span> <span class='ocrx_word' id='word_1_701' title='bbox 2743 2251 3027 2318; x_wconf 84' lang='lat' dir='ltr'>quicquam</span> <span class='ocrx_word' id='word_1_702' title='bbox 3060 2246 3343 2306; x_wconf 76' lang='lat' dir='ltr'>detrahere</span> <span class='ocrx_word' id='word_1_703' title='bbox 3381 2249 3458 2307; x_wconf 74' lang='lat' dir='ltr'>le·</span> 
     </span>
     <span class='ocr_line' id='line_1_99' title="bbox 1822 2317 3457 2398; baseline 0.002 -25"><span class='ocrx_word' id='word_1_704' title='bbox 1822 2326 1903 2398; x_wconf 83' lang='lat' dir='ltr'>gis</span> <span class='ocrx_word' id='word_1_705' title='bbox 1943 2317 2317 2386; x_wconf 71' lang='lat' dir='ltr'>Ultrajectinoe</span> <span class='ocrx_word' id='word_1_706' title='bbox 2353 2322 2679 2387; x_wconf 86' lang='lat' dir='ltr'>auctoritati,</span> <span class='ocrx_word' id='word_1_707' title='bbox 2716 2330 2776 2372; x_wconf 84' lang='lat' dir='ltr'>ut</span> <span class='ocrx_word' id='word_1_708' title='bbox 2812 2321 2866 2374; x_wconf 88' lang='lat' dir='ltr'>id</span> <span class='ocrx_word' id='word_1_709' title='bbox 2903 2318 3114 2376; x_wconf 80' lang='lat' dir='ltr'>latiusa</span> <span class='ocrx_word' id='word_1_710' title='bbox 3148 2335 3231 2376; x_wconf 88' lang='lat' dir='ltr'>me</span> <span class='ocrx_word' id='word_1_711' title='bbox 3248 2320 3457 2376; x_wconf 80' lang='lat' dir='ltr'>adstru-</span> 
     </span>
     <span class='ocr_line' id='line_1_100' title="bbox 1822 2386 3455 2458; baseline -0.003 -9"><span class='ocrx_word' id='word_1_712' title='bbox 1822 2405 1971 2452; x_wconf 85' lang='lat' dir='ltr'>ctum</span> <span class='ocrx_word' id='word_1_713' title='bbox 2008 2394 2066 2446; x_wconf 77' lang='lat' dir='ltr'>in</span> <span class='ocrx_word' id='word_1_714' title='bbox 2102 2393 2186 2445; x_wconf 74' lang='lat' dir='ltr'>tit.</span> <span class='ocrx_word' id='word_1_715' title='bbox 2221 2388 2285 2445; x_wconf 79' lang='lat' dir='ltr'>de</span> <span class='ocrx_word' id='word_1_716' title='bbox 2319 2392 2525 2446; x_wconf 78' lang='lat' dir='ltr'>constit.</span> <span class='ocrx_word' id='word_1_717' title='bbox 2563 2387 2781 2455; x_wconf 63' lang='lat' dir='ltr'>princip.</span> <span class='ocrx_word' id='word_1_718' title='bbox 2820 2401 2969 2454; x_wconf 87' lang='lat' dir='ltr'>parte</span> <span class='ocrx_word' id='word_1_719' title='bbox 3003 2386 3209 2458; x_wconf 89' lang='lat' dir='ltr'>altera,</span> <span class='ocrx_word' id='word_1_720' title='bbox 3244 2387 3306 2443; x_wconf 79' lang='lat' dir='ltr'>de</span> <span class='ocrx_word' id='word_1_721' title='bbox 3340 2406 3455 2445; x_wconf 80' lang='lat' dir='ltr'>sta·</span> 
     </span>
     <span class='ocr_line' id='line_1_101' title="bbox 1826 2455 2263 2522; baseline -0.007 -4"><span class='ocrx_word' id='word_1_722' title='bbox 1826 2468 1952 2522; x_wconf 73' lang='lat' dir='ltr'>tutis</span> <span class='ocrx_word' id='word_1_723' title='bbox 1990 2483 2137 2518; x_wconf 72' lang='lat' dir='ltr'>ntem.</span> <span class='ocrx_word' id='word_1_724' title='bbox 2181 2455 2263 2516; x_wconf 80' lang='lat'>15.</span> 
     </span>
    </p>

    <p class='ocr_par' dir='ltr' id='par_1_12' title="bbox 1824 2523 3463 3570">
     <span class='ocr_line' id='line_1_102' title="bbox 1897 2523 3455 2601; baseline -0.004 -12"><span class='ocrx_word' id='word_1_725' title='bbox 1897 2531 1983 2590; x_wconf 85' lang='grc'>86.</span> <span class='ocrx_word' id='word_1_726' title='bbox 2022 2529 2187 2601; x_wconf 82' lang='lat' dir='ltr'>Quod</span> <span class='ocrx_word' id='word_1_727' title='bbox 2221 2539 2401 2588; x_wconf 87' lang='lat' dir='ltr'>autem</span> <span class='ocrx_word' id='word_1_728' title='bbox 2452 2528 2508 2581; x_wconf 86' lang='lat' dir='ltr'>in</span> <span class='ocrx_word' id='word_1_729' title='bbox 2545 2523 2700 2596; x_wconf 72' lang='lat' dir='ltr'>hujus</span> <span class='ocrx_word' id='word_1_730' title='bbox 2735 2528 2912 2584; x_wconf 72' lang='lat' dir='ltr'>arduas</span> <span class='ocrx_word' id='word_1_731' title='bbox 2945 2528 3260 2596; x_wconf 72' lang='lat' dir='ltr'>questionis</span> <span class='ocrx_word' id='word_1_732' title='bbox 3310 2529 3455 2586; x_wconf 76' lang='lat' dir='ltr'>deci-</span> 
     </span>
     <span class='ocr_line' id='line_1_103' title="bbox 1824 2594 3455 2668; baseline -0.005 -8"><span class='ocrx_word' id='word_1_733' title='bbox 1824 2606 1972 2660; x_wconf 89' lang='lat' dir='ltr'>sione</span> <span class='ocrx_word' id='word_1_734' title='bbox 2007 2598 2211 2657; x_wconf 67' lang='lat' dir='ltr'>diEium</span> <span class='ocrx_word' id='word_1_735' title='bbox 2249 2595 2370 2666; x_wconf 89' lang='lat' dir='ltr'>fuit,</span> <span class='ocrx_word' id='word_1_736' title='bbox 2406 2595 2542 2668; x_wconf 82' lang='lat' dir='ltr'>leges</span> <span class='ocrx_word' id='word_1_737' title='bbox 2574 2594 2841 2654; x_wconf 86' lang='lat' dir='ltr'>domicilii</span> <span class='ocrx_word' id='word_1_738' title='bbox 2876 2600 3083 2666; x_wconf 86' lang='lat' dir='ltr'>mariti,</span> <span class='ocrx_word' id='word_1_739' title='bbox 3125 2599 3267 2652; x_wconf 81' lang='lat' dir='ltr'>circa</span> <span class='ocrx_word' id='word_1_740' title='bbox 3306 2615 3455 2653; x_wconf 88' lang='lat' dir='ltr'>com-</span> 
     </span>
     <span class='ocr_line' id='line_1_104' title="bbox 1826 2666 3456 2734; baseline -0.003 -6"><span class='ocrx_word' id='word_1_741' title='bbox 1826 2677 2137 2731; x_wconf 82' lang='lat' dir='ltr'>munionem</span> <span class='ocrx_word' id='word_1_742' title='bbox 2157 2666 2513 2727; x_wconf 87' lang='lat' dir='ltr'>universalem</span> <span class='ocrx_word' id='word_1_743' title='bbox 2530 2666 2924 2724; x_wconf 85' lang='lat' dir='ltr'>admittendam</span> <span class='ocrx_word' id='word_1_744' title='bbox 2959 2679 3056 2724; x_wconf 89' lang='lat' dir='ltr'>aut</span> <span class='ocrx_word' id='word_1_745' title='bbox 3095 2668 3456 2734; x_wconf 85' lang='lat' dir='ltr'>respuendam</span> 
     </span>
     <span class='ocr_line' id='line_1_105' title="bbox 1825 2735 3452 2810; baseline -0.005 -11"><span class='ocrx_word' id='word_1_746' title='bbox 1825 2742 2036 2800; x_wconf 84' lang='lat' dir='ltr'>attendi</span> <span class='ocrx_word' id='word_1_747' title='bbox 2069 2754 2355 2810; x_wconf 87' lang='lat' dir='ltr'>oportere,</span> <span class='ocrx_word' id='word_1_748' title='bbox 2389 2738 2514 2810; x_wconf 89' lang='lat' dir='ltr'>quia</span> <span class='ocrx_word' id='word_1_749' title='bbox 2554 2738 2613 2792; x_wconf 89' lang='lat' dir='ltr'>in</span> <span class='ocrx_word' id='word_1_750' title='bbox 2647 2735 2981 2794; x_wconf 87' lang='lat' dir='ltr'>domicilium</span> <span class='ocrx_word' id='word_1_751' title='bbox 3032 2742 3219 2793; x_wconf 85' lang='lat' dir='ltr'>mariti</span> <span class='ocrx_word' id='word_1_752' title='bbox 3258 2736 3452 2796; x_wconf 75' lang='lat' dir='ltr'>mulier</span> 
     </span>
     <span class='ocr_line' id='line_1_106' title="bbox 1827 2801 3454 2884; baseline -0.01 -16"><span class='ocrx_word' id='word_1_753' title='bbox 1827 2834 1915 2884; x_wconf 87' lang='lat' dir='ltr'>per</span> <span class='ocrx_word' id='word_1_754' title='bbox 1950 2811 2318 2867; x_wconf 88' lang='lat' dir='ltr'>conditionem</span> <span class='ocrx_word' id='word_1_755' title='bbox 2336 2810 2670 2863; x_wconf 88' lang='lat' dir='ltr'>matrimonii</span> <span class='ocrx_word' id='word_1_756' title='bbox 2691 2806 2990 2861; x_wconf 85' lang='lat' dir='ltr'>transitura</span> <span class='ocrx_word' id='word_1_757' title='bbox 3024 2817 3149 2868; x_wconf 79' lang='lat' dir='ltr'>est3</span> <span class='ocrx_word' id='word_1_758' title='bbox 3187 2801 3335 2862; x_wconf 80' lang='lat' dir='ltr'>fallit</span> <span class='ocrx_word' id='word_1_759' title='bbox 3372 2821 3454 2863; x_wconf 75' lang='lat' dir='ltr'>ta-</span> 
     </span>
     <span class='ocr_line' id='line_1_107' title="bbox 1827 2872 3455 2953; baseline -0.004 -16"><span class='ocrx_word' id='word_1_760' title='bbox 1827 2901 1947 2941; x_wconf 84' lang='lat' dir='ltr'>men</span> <span class='ocrx_word' id='word_1_761' title='bbox 1971 2923 1991 2953; x_wconf 92' lang='lat'>,</span> <span class='ocrx_word' id='word_1_762' title='bbox 2021 2882 2065 2941; x_wconf 87' lang='lat' dir='ltr'>si</span> <span class='ocrx_word' id='word_1_763' title='bbox 2103 2877 2188 2934; x_wconf 87' lang='lat' dir='ltr'>vel</span> <span class='ocrx_word' id='word_1_764' title='bbox 2228 2895 2470 2946; x_wconf 79' lang='lat' dir='ltr'>expresse</span> <span class='ocrx_word' id='word_1_765' title='bbox 2506 2877 2561 2933; x_wconf 92' lang='lat' dir='ltr'>id</span> <span class='ocrx_word' id='word_1_766' title='bbox 2597 2872 2777 2932; x_wconf 70' lang='lat' dir='ltr'>aEium</span> <span class='ocrx_word' id='word_1_767' title='bbox 2812 2879 2920 2945; x_wconf 89' lang='lat' dir='ltr'>sit,</span> <span class='ocrx_word' id='word_1_768' title='bbox 2975 2873 3061 2930; x_wconf 83' lang='lat' dir='ltr'>vel</span> <span class='ocrx_word' id='word_1_769' title='bbox 3096 2873 3343 2944; x_wconf 77' lang='lat' dir='ltr'>alioqnin</span> <span class='ocrx_word' id='word_1_770' title='bbox 3382 2894 3455 2932; x_wconf 84' lang='lat' dir='ltr'>ex</span> 
     </span>
     <span class='ocr_line' id='line_1_108' title="bbox 1831 2942 3457 3024; baseline -0.006 -13"><span class='ocrx_word' id='word_1_771' title='bbox 1831 2948 2253 3011; x_wconf 85' lang='lat' dir='ltr'>circumstantiis</span> <span class='ocrx_word' id='word_1_772' title='bbox 2287 2942 2672 3016; x_wconf 80' lang='lat' dir='ltr'>manifestum,</span> <span class='ocrx_word' id='word_1_773' title='bbox 2705 2964 2772 3001; x_wconf 90' lang='lat' dir='ltr'>eo</span> <span class='ocrx_word' id='word_1_774' title='bbox 2806 2945 3063 3024; x_wconf 75' lang='lat' dir='ltr'>maritum</span> <span class='ocrx_word' id='word_1_775' title='bbox 3117 2946 3304 3000; x_wconf 88' lang='lat' dir='ltr'>animo</span> <span class='ocrx_word' id='word_1_776' title='bbox 3339 2962 3457 3004; x_wconf 79' lang='lat' dir='ltr'>esse</span> 
     </span>
     <span class='ocr_line' id='line_1_109' title="bbox 1831 3011 3459 3090; baseline -0.006 -11"><span class='ocrx_word' id='word_1_777' title='bbox 1831 3023 1927 3079; x_wconf 86' lang='lat' dir='ltr'>illo</span> <span class='ocrx_word' id='word_1_778' title='bbox 1963 3035 2224 3089; x_wconf 84' lang='lat' dir='ltr'>tempore,</span> <span class='ocrx_word' id='word_1_779' title='bbox 2258 3037 2367 3090; x_wconf 90' lang='lat' dir='ltr'>quo</span> <span class='ocrx_word' id='word_1_780' title='bbox 2402 3011 2598 3071; x_wconf 85' lang='lat' dir='ltr'>foedere</span> <span class='ocrx_word' id='word_1_781' title='bbox 2632 3014 2980 3070; x_wconf 88' lang='lat' dir='ltr'>matrimonii</span> <span class='ocrx_word' id='word_1_782' title='bbox 3008 3014 3267 3084; x_wconf 72' lang='lat' dir='ltr'>magiter,</span> <span class='ocrx_word' id='word_1_783' title='bbox 3302 3026 3361 3070; x_wconf 89' lang='lat' dir='ltr'>ut</span> <span class='ocrx_word' id='word_1_784' title='bbox 3400 3021 3459 3073; x_wconf 90' lang='lat' dir='ltr'>in</span> 
     </span>
     <span class='ocr_line' id='line_1_110' title="bbox 1826 3086 3460 3153; baseline -0.006 -2"><span class='ocrx_word' id='word_1_785' title='bbox 1826 3090 2159 3151; x_wconf 85' lang='lat' dir='ltr'>domicilium</span> <span class='ocrx_word' id='word_1_786' title='bbox 2194 3089 2375 3145; x_wconf 81' lang='lat' dir='ltr'>uxoris</span> <span class='ocrx_word' id='word_1_787' title='bbox 2408 3102 2513 3140; x_wconf 73' lang='lat' dir='ltr'>suae</span> <span class='ocrx_word' id='word_1_788' title='bbox 2551 3086 2658 3153; x_wconf 89' lang='lat' dir='ltr'>ipse</span> <span class='ocrx_word' id='word_1_789' title='bbox 2679 3096 2955 3139; x_wconf 84' lang='lat' dir='ltr'>transeat:</span> <span class='ocrx_word' id='word_1_790' title='bbox 2994 3094 3127 3139; x_wconf 89' lang='lat' dir='ltr'>tunc</span> <span class='ocrx_word' id='word_1_791' title='bbox 3160 3088 3305 3139; x_wconf 89' lang='lat' dir='ltr'>enim</span> <span class='ocrx_word' id='word_1_792' title='bbox 3342 3100 3460 3141; x_wconf 84' lang='lat' dir='ltr'>ma-</span> 
     </span>
     <span class='ocr_line' id='line_1_111' title="bbox 1825 3153 3463 3235; baseline -0.006 -19"><span class='ocrx_word' id='word_1_793' title='bbox 1825 3166 1905 3235; x_wconf 84' lang='lat' dir='ltr'>gis</span> <span class='ocrx_word' id='word_1_794' title='bbox 1939 3171 2144 3219; x_wconf 85' lang='lat' dir='ltr'>statuta</span> <span class='ocrx_word' id='word_1_795' title='bbox 2182 3156 2325 3229; x_wconf 88' lang='lat' dir='ltr'>loci,</span> <span class='ocrx_word' id='word_1_796' title='bbox 2361 3157 2419 3208; x_wconf 88' lang='lat' dir='ltr'>in</span> <span class='ocrx_word' id='word_1_797' title='bbox 2456 3172 2610 3222; x_wconf 90' lang='lat' dir='ltr'>quem</span> <span class='ocrx_word' id='word_1_798' title='bbox 2645 3153 2871 3208; x_wconf 84' lang='lat' dir='ltr'>maritus</span> <span class='ocrx_word' id='word_1_799' title='bbox 2906 3170 2995 3221; x_wconf 89' lang='lat' dir='ltr'>per</span> <span class='ocrx_word' id='word_1_800' title='bbox 3028 3169 3103 3207; x_wconf 89' lang='lat' dir='ltr'>nu</span> <span class='ocrx_word' id='word_1_801' title='bbox 3145 3153 3249 3207; x_wconf 86' lang='lat' dir='ltr'>tias</span> <span class='ocrx_word' id='word_1_802' title='bbox 3280 3153 3463 3210; x_wconf 87' lang='lat' dir='ltr'>domi-</span> 
     </span>
     <span class='ocr_line' id='line_1_112' title="bbox 1826 3220 3457 3295; baseline -0.007 -8"><span class='ocrx_word' id='word_1_803' title='bbox 1826 3232 2013 3288; x_wconf 86' lang='lat' dir='ltr'>cilium</span> <span class='ocrx_word' id='word_1_804' title='bbox 2052 3223 2323 3295; x_wconf 83' lang='lat' dir='ltr'>transfert,</span> <span class='ocrx_word' id='word_1_805' title='bbox 2357 3227 2501 3280; x_wconf 88' lang='lat' dir='ltr'>circa</span> <span class='ocrx_word' id='word_1_806' title='bbox 2536 3227 2969 3279; x_wconf 86' lang='lat' dir='ltr'>communionem</span> <span class='ocrx_word' id='word_1_807' title='bbox 3005 3239 3029 3275; x_wconf 92' lang='lat' dir='ltr'>s</span> <span class='ocrx_word' id='word_1_808' title='bbox 3149 3220 3290 3277; x_wconf 88' lang='lat' dir='ltr'>anda</span> <span class='ocrx_word' id='word_1_809' title='bbox 3325 3240 3457 3292; x_wconf 81' lang='lat' dir='ltr'>esse,</span> 
     </span>
     <span class='ocr_line' id='line_1_113' title="bbox 1826 3288 3452 3359; baseline -0.009 0"><span class='ocrx_word' id='word_1_810' title='bbox 1826 3303 1978 3359; x_wconf 86' lang='lat' dir='ltr'>docet</span> <span class='ocrx_word' id='word_1_811' title='bbox 2017 3296 2336 3355; x_wconf 75' lang='lat' dir='ltr'>Lambertus</span> <span class='ocrx_word' id='word_1_812' title='bbox 2369 3292 2538 3349; x_wconf 83' lang='lat' dir='ltr'>Goris</span> <span class='ocrx_word' id='word_1_813' title='bbox 2573 3290 2849 3348; x_wconf 68' lang='lat' dir='ltr'>advertar.</span> <span class='ocrx_word' id='word_1_814' title='bbox 2872 3291 3033 3345; x_wconf 58' lang='lat' dir='ltr'>trull.</span> <span class='ocrx_word' id='word_1_815' title='bbox 3065 3307 3111 3345; x_wconf 85' lang='lat'>1.</span> <span class='ocrx_word' id='word_1_816' title='bbox 3148 3307 3191 3343; x_wconf 86' lang='lat' dir='ltr'>c.</span> <span class='ocrx_word' id='word_1_817' title='bbox 3211 3288 3263 3345; x_wconf 89' lang='lat'>6.</span> <span class='ocrx_word' id='word_1_818' title='bbox 3302 3311 3452 3347; x_wconf 79' lang='lat' dir='ltr'>num.</span> 
     </span>
     <span class='ocr_line' id='line_1_114' title="bbox 1830 3354 3445 3441; baseline -0.008 -15"><span class='ocrx_word' id='word_1_819' title='bbox 1830 3386 1878 3441; x_wconf 91' lang='lat'>7.</span> <span class='ocrx_word' id='word_1_820' title='bbox 1916 3367 2262 3427; x_wconf 75' lang='lat' dir='ltr'>Chassanaeus</span> <span class='ocrx_word' id='word_1_821' title='bbox 2296 3361 2378 3418; x_wconf 80' lang='lat' dir='ltr'>ad</span> <span class='ocrx_word' id='word_1_822' title='bbox 2405 3360 2704 3419; x_wconf 81' lang='lat' dir='ltr'>consuetud.</span> <span class='ocrx_word' id='word_1_823' title='bbox 2746 3357 3005 3432; x_wconf 78' lang='lat' dir='ltr'>Burgund.</span> <span class='ocrx_word' id='word_1_824' title='bbox 3043 3356 3183 3415; x_wconf 72' lang='lat' dir='ltr'>rubr.</span> <span class='ocrx_word' id='word_1_825' title='bbox 3206 3356 3259 3425; x_wconf 87' lang='lat'>4.</span> <span class='ocrx_word' id='word_1_826' title='bbox 3299 3354 3352 3431; x_wconf 81' lang='lat'>§.</span> <span class='ocrx_word' id='word_1_827' title='bbox 3392 3376 3445 3415; x_wconf 77' lang='lat'>2.</span> 
     </span>
     <span class='ocr_line' id='line_1_115' title="bbox 1829 3424 3440 3508; baseline -0.006 -15"><span class='ocrx_word' id='word_1_828' title='bbox 1829 3445 1884 3496; x_wconf 86' lang='lat' dir='ltr'>in</span> <span class='ocrx_word' id='word_1_829' title='bbox 1921 3438 2133 3508; x_wconf 84' lang='lat' dir='ltr'>verbis,</span> <span class='ocrx_word' id='word_1_830' title='bbox 2170 3438 2228 3491; x_wconf 78' lang='lat' dir='ltr'>in</span> <span class='ocrx_word' id='word_1_831' title='bbox 2263 3433 2463 3490; x_wconf 82' lang='lat' dir='ltr'>ducatu</span> <span class='ocrx_word' id='word_1_832' title='bbox 2500 3428 2809 3504; x_wconf 75' lang='lat' dir='ltr'>Burgundiae</span> <span class='ocrx_word' id='word_1_833' title='bbox 2861 3448 2915 3483; x_wconf 84' lang='lat' dir='ltr'>n.</span> <span class='ocrx_word' id='word_1_834' title='bbox 2955 3442 3004 3498; x_wconf 84' lang='lat'>7.</span> <span class='ocrx_word' id='word_1_835' title='bbox 3043 3424 3242 3484; x_wconf 85' lang='lat' dir='ltr'>Parens</span> <span class='ocrx_word' id='word_1_836' title='bbox 3278 3449 3327 3498; x_wconf 85' lang='lat' dir='ltr'>p.</span> <span class='ocrx_word' id='word_1_837' title='bbox 3366 3447 3440 3486; x_wconf 86' lang='lat' dir='ltr'>m.</span> 
     </span>
     <span class='ocr_line' id='line_1_116' title="bbox 1829 3495 3127 3570; baseline -0.015 -2"><span class='ocrx_word' id='word_1_838' title='bbox 1829 3508 2023 3568; x_wconf 87' lang='lat' dir='ltr'>Paulus</span> <span class='ocrx_word' id='word_1_839' title='bbox 2058 3505 2200 3562; x_wconf 85' lang='lat' dir='ltr'>Voet</span> <span class='ocrx_word' id='word_1_840' title='bbox 2236 3503 2298 3558; x_wconf 86' lang='lat' dir='ltr'>de</span> <span class='ocrx_word' id='word_1_841' title='bbox 2333 3503 2570 3570; x_wconf 76' lang='lat' dir='ltr'>rtatmir,</span> <span class='ocrx_word' id='word_1_842' title='bbox 2607 3501 2731 3557; x_wconf 64' lang='lat' dir='ltr'>sebi.</span> <span class='ocrx_word' id='word_1_843' title='bbox 2750 3512 2805 3570; x_wconf 88' lang='lat'>9.</span> <span class='ocrx_word' id='word_1_844' title='bbox 2842 3516 2892 3552; x_wconf 88' lang='lat' dir='ltr'>c.</span> <span class='ocrx_word' id='word_1_845' title='bbox 2913 3511 2966 3569; x_wconf 90' lang='lat'>7.</span> <span class='ocrx_word' id='word_1_846' title='bbox 3004 3517 3057 3552; x_wconf 86' lang='lat' dir='ltr'>n.</span> <span class='ocrx_word' id='word_1_847' title='bbox 3076 3495 3127 3553; x_wconf 87' lang='lat'>5.</span> 
     </span>
    </p>

    <p class='ocr_par' dir='ltr' id='par_1_13' title="bbox 1819 3562 3470 4761">
     <span class='ocr_line' id='line_1_117' title="bbox 1894 3562 3462 3647; baseline -0.011 -13"><span class='ocrx_word' id='word_1_848' title='bbox 1894 3578 1982 3647; x_wconf 86' lang='lat'>87.</span> <span class='ocrx_word' id='word_1_849' title='bbox 2024 3575 2206 3647; x_wconf 85' lang='lat' dir='ltr'>Plane,</span> <span class='ocrx_word' id='word_1_850' title='bbox 2241 3581 2283 3632; x_wconf 89' lang='lat' dir='ltr'>si</span> <span class='ocrx_word' id='word_1_851' title='bbox 2300 3573 2463 3629; x_wconf 88' lang='lat' dir='ltr'>initio</span> <span class='ocrx_word' id='word_1_852' title='bbox 2483 3571 2791 3637; x_wconf 85' lang='lat' dir='ltr'>nuptiarum</span> <span class='ocrx_word' id='word_1_853' title='bbox 2828 3568 3119 3625; x_wconf 87' lang='lat' dir='ltr'>secundum</span> <span class='ocrx_word' id='word_1_854' title='bbox 3154 3562 3325 3637; x_wconf 86' lang='lat' dir='ltr'>legem</span> <span class='ocrx_word' id='word_1_855' title='bbox 3361 3565 3462 3623; x_wconf 78' lang='lat' dir='ltr'>do·-</span> 
     </span>
     <span class='ocr_line' id='line_1_118' title="bbox 1827 3638 3461 3724; baseline -0.007 -22"><span class='ocrx_word' id='word_1_856' title='bbox 1827 3646 2020 3704; x_wconf 84' lang='lat' dir='ltr'>micilii</span> <span class='ocrx_word' id='word_1_857' title='bbox 2055 3644 2261 3724; x_wconf 76' lang='lat' dir='ltr'>mariti,</span> <span class='ocrx_word' id='word_1_858' title='bbox 2294 3641 2607 3700; x_wconf 82' lang='lat' dir='ltr'>universalis</span> <span class='ocrx_word' id='word_1_859' title='bbox 2642 3638 2906 3696; x_wconf 85' lang='lat' dir='ltr'>bonorum</span> <span class='ocrx_word' id='word_1_860' title='bbox 2941 3640 3181 3691; x_wconf 81' lang='lat' dir='ltr'>omnium</span> <span class='ocrx_word' id='word_1_861' title='bbox 3220 3651 3461 3691; x_wconf 85' lang='lat' dir='ltr'>commu·</span> 
     </span>
     <span class='ocr_line' id='line_1_119' title="bbox 1828 3704 3463 3783; baseline -0.009 -9"><span class='ocrx_word' id='word_1_862' title='bbox 1828 3720 1926 3774; x_wconf 89' lang='lat' dir='ltr'>nio</span> <span class='ocrx_word' id='word_1_863' title='bbox 1963 3719 2107 3774; x_wconf 88' lang='lat' dir='ltr'>inter</span> <span class='ocrx_word' id='word_1_864' title='bbox 2140 3731 2387 3783; x_wconf 73' lang='lat' dir='ltr'>conluges</span> <span class='ocrx_word' id='word_1_865' title='bbox 2422 3708 2639 3767; x_wconf 66' lang='lat' dir='ltr'>indu61a</span> <span class='ocrx_word' id='word_1_866' title='bbox 2681 3706 2873 3774; x_wconf 84' lang='lat' dir='ltr'>fuerit,</span> <span class='ocrx_word' id='word_1_867' title='bbox 2908 3704 2999 3762; x_wconf 78' lang='lat' dir='ltr'>vel</span> <span class='ocrx_word' id='word_1_868' title='bbox 3034 3707 3198 3760; x_wconf 88' lang='lat' dir='ltr'>etiam</span> <span class='ocrx_word' id='word_1_869' title='bbox 3256 3723 3324 3760; x_wconf 82' lang='lat' dir='ltr'>ex</span> <span class='ocrx_word' id='word_1_870' title='bbox 3362 3706 3463 3763; x_wconf 89' lang='lat' dir='ltr'>ad-</span> 
     </span>
     <span class='ocr_line' id='line_1_120' title="bbox 1830 3776 3460 3849; baseline -0.007 -8"><span class='ocrx_word' id='word_1_871' title='bbox 1830 3803 1988 3844; x_wconf 87' lang='lat' dir='ltr'>verso</span> <span class='ocrx_word' id='word_1_872' title='bbox 2021 3781 2274 3848; x_wconf 81' lang='lat' dir='ltr'>exclusa;</span> <span class='ocrx_word' id='word_1_873' title='bbox 2308 3781 2556 3849; x_wconf 84' lang='lat' dir='ltr'>deinceps</span> <span class='ocrx_word' id='word_1_874' title='bbox 2610 3792 2788 3834; x_wconf 87' lang='lat' dir='ltr'>autem</span> <span class='ocrx_word' id='word_1_875' title='bbox 2825 3788 2940 3844; x_wconf 81' lang='lat' dir='ltr'>post</span> <span class='ocrx_word' id='word_1_876' title='bbox 2978 3780 3232 3844; x_wconf 83' lang='lat' dir='ltr'>temporis</span> <span class='ocrx_word' id='word_1_877' title='bbox 3272 3776 3460 3831; x_wconf 83' lang='lat' dir='ltr'>inter·</span> 
     </span>
     <span class='ocr_line' id='line_1_121' title="bbox 1829 3839 3458 3928; baseline -0.008 -16"><span class='ocrx_word' id='word_1_878' title='bbox 1829 3861 2035 3912; x_wconf 85' lang='lat' dir='ltr'>stitium</span> <span class='ocrx_word' id='word_1_879' title='bbox 2061 3896 2077 3923; x_wconf 89' lang='lat'>,</span> <span class='ocrx_word' id='word_1_880' title='bbox 2108 3861 2339 3909; x_wconf 81' lang='lat' dir='ltr'>·mutata</span> <span class='ocrx_word' id='word_1_881' title='bbox 2376 3861 2555 3906; x_wconf 88' lang='lat' dir='ltr'>mente</span> <span class='ocrx_word' id='word_1_882' title='bbox 2643 3842 2900 3928; x_wconf 74' lang='lat' dir='ltr'>conjuges</span> <span class='ocrx_word' id='word_1_883' title='bbox 2951 3843 3284 3900; x_wconf 86' lang='lat' dir='ltr'>domicilium</span> <span class='ocrx_word' id='word_1_884' title='bbox 3344 3839 3458 3899; x_wconf 90' lang='lat' dir='ltr'>alio</span> 
     </span>
     <span class='ocr_line' id='line_1_122' title="bbox 1831 3887 3466 3994; baseline -0.009 -13"><span class='ocrx_word' id='word_1_885' title='bbox 1831 3922 2179 3994; x_wconf 86' lang='lat' dir='ltr'>transferant,</span> <span class='ocrx_word' id='word_1_886' title='bbox 2213 3919 2381 3976; x_wconf 87' lang='lat' dir='ltr'>veluti</span> <span class='ocrx_word' id='word_1_887' title='bbox 2403 3959 2418 3981; x_wconf 71' lang='grc'>,</span> <span class='ocrx_word' id='word_1_888' title='bbox 2455 3936 2522 3975; x_wconf 84' lang='lat' dir='ltr'>ex</span> <span class='ocrx_word' id='word_1_889' title='bbox 2562 3887 2863 3973; x_wconf 61' lang='lat' dir='ltr'>hoilanda</span> <span class='ocrx_word' id='word_1_890' title='bbox 2896 3913 2982 3971; x_wconf 83' lang='lat' dir='ltr'>vel</span> <span class='ocrx_word' id='word_1_891' title='bbox 3020 3918 3234 3985; x_wconf 88' lang='lat' dir='ltr'>regione</span> <span class='ocrx_word' id='word_1_892' title='bbox 3272 3909 3466 3967; x_wconf 80' lang='lat' dir='ltr'>Ultra-</span> 
     </span>
     <span class='ocr_line' id='line_1_123' title="bbox 1833 3978 3457 4063; baseline -0.01 -10"><span class='ocrx_word' id='word_1_893' title='bbox 1833 3994 2027 4063; x_wconf 69' lang='lat' dir='ltr'>iefflna</span> <span class='ocrx_word' id='word_1_894' title='bbox 2062 3992 2362 4048; x_wconf 87' lang='lat' dir='ltr'>concedant</span> <span class='ocrx_word' id='word_1_895' title='bbox 2399 3992 2455 4042; x_wconf 91' lang='lat' dir='ltr'>in</span> <span class='ocrx_word' id='word_1_896' title='bbox 2494 3985 2722 4044; x_wconf 88' lang='lat' dir='ltr'>Frisiam</span> <span class='ocrx_word' id='word_1_897' title='bbox 2743 4026 2761 4056; x_wconf 95' lang='lat'>,</span> <span class='ocrx_word' id='word_1_898' title='bbox 2814 3982 2910 4041; x_wconf 89' lang='lat' dir='ltr'>ubi</span> <span class='ocrx_word' id='word_1_899' title='bbox 2943 3984 3207 4041; x_wconf 89' lang='lat' dir='ltr'>contrarii</span> <span class='ocrx_word' id='word_1_900' title='bbox 3242 3978 3457 4039; x_wconf 61' lang='lat' dir='ltr'>effessus</span> 
     </span>
     <span class='ocr_line' id='line_1_124' title="bbox 1829 4051 3465 4126; baseline -0.008 -7"><span class='ocrx_word' id='word_1_901' title='bbox 1829 4064 2161 4121; x_wconf 82' lang='lat' dir='ltr'>matrimonii</span> <span class='ocrx_word' id='word_1_902' title='bbox 2196 4078 2263 4118; x_wconf 80' lang='lat' dir='ltr'>ex</span> <span class='ocrx_word' id='word_1_903' title='bbox 2299 4071 2505 4115; x_wconf 88' lang='lat' dir='ltr'>statuto</span> <span class='ocrx_word' id='word_1_904' title='bbox 2540 4058 2747 4126; x_wconf 83' lang='lat' dir='ltr'>vigent,</span> <span class='ocrx_word' id='word_1_905' title='bbox 2781 4071 2846 4108; x_wconf 93' lang='lat' dir='ltr'>ac</span> <span class='ocrx_word' id='word_1_906' title='bbox 2880 4051 2993 4109; x_wconf 85' lang='lat' dir='ltr'>sola</span> <span class='ocrx_word' id='word_1_907' title='bbox 3030 4052 3311 4110; x_wconf 89' lang='lat' dir='ltr'>inducitur</span> <span class='ocrx_word' id='word_1_908' title='bbox 3373 4070 3465 4106; x_wconf 88' lang='lat' dir='ltr'>ac-</span> 
     </span>
     <span class='ocr_line' id='line_1_125' title="bbox 1819 4120 3460 4206; baseline -0.011 -15"><span class='ocrx_word' id='word_1_909' title='bbox 1819 4142 2122 4206; x_wconf 71' lang='lat' dir='ltr'>&#39;quaestuum</span> <span class='ocrx_word' id='word_1_910' title='bbox 2156 4129 2490 4196; x_wconf 87' lang='lat' dir='ltr'>communio,</span> <span class='ocrx_word' id='word_1_911' title='bbox 2526 4127 2783 4196; x_wconf 88' lang='lat' dir='ltr'>migratio</span> <span class='ocrx_word' id='word_1_912' title='bbox 2831 4121 2924 4179; x_wconf 86' lang='lat' dir='ltr'>illa</span> <span class='ocrx_word' id='word_1_913' title='bbox 2959 4139 3049 4190; x_wconf 85' lang='lat' dir='ltr'>per</span> <span class='ocrx_word' id='word_1_914' title='bbox 3083 4141 3138 4179; x_wconf 87' lang='lat' dir='ltr'>se</span> <span class='ocrx_word' id='word_1_915' title='bbox 3174 4120 3290 4176; x_wconf 87' lang='lat' dir='ltr'>sola</span> <span class='ocrx_word' id='word_1_916' title='bbox 3330 4120 3460 4178; x_wconf 91' lang='lat' dir='ltr'>nul-</span> 
     </span>
     <span class='ocr_line' id='line_1_126' title="bbox 1833 4188 3462 4272; baseline -0.008 -12"><span class='ocrx_word' id='word_1_917' title='bbox 1833 4207 1941 4260; x_wconf 89' lang='lat' dir='ltr'>lam</span> <span class='ocrx_word' id='word_1_918' title='bbox 1977 4210 2147 4272; x_wconf 87' lang='lat' dir='ltr'>potest</span> <span class='ocrx_word' id='word_1_919' title='bbox 2183 4202 2329 4255; x_wconf 87' lang='lat' dir='ltr'>circa</span> <span class='ocrx_word' id='word_1_920' title='bbox 2364 4198 2800 4251; x_wconf 89' lang='lat' dir='ltr'>communionem</span> <span class='ocrx_word' id='word_1_921' title='bbox 2854 4191 3014 4251; x_wconf 86' lang='lat' dir='ltr'>semel</span> <span class='ocrx_word' id='word_1_922' title='bbox 3050 4188 3327 4248; x_wconf 65' lang='lat' dir='ltr'>induaam</span> <span class='ocrx_word' id='word_1_923' title='bbox 3362 4190 3462 4248; x_wconf 85' lang='lat' dir='ltr'>ad-</span> 
     </span>
     <span class='ocr_line' id='line_1_127' title="bbox 1833 4260 3459 4338; baseline -0.009 -8"><span class='ocrx_word' id='word_1_924' title='bbox 1833 4272 1968 4330; x_wconf 87' lang='lat' dir='ltr'>ferre</span> <span class='ocrx_word' id='word_1_925' title='bbox 2005 4271 2381 4338; x_wconf 88' lang='lat' dir='ltr'>mutationem,</span> <span class='ocrx_word' id='word_1_926' title='bbox 2415 4267 2505 4323; x_wconf 86' lang='lat' dir='ltr'>sed</span> <span class='ocrx_word' id='word_1_927' title='bbox 2540 4262 2758 4324; x_wconf 88' lang='lat' dir='ltr'>durabit</span> <span class='ocrx_word' id='word_1_928' title='bbox 2794 4264 2849 4320; x_wconf 76' lang='lat' dir='ltr'>Bt</span> <span class='ocrx_word' id='word_1_929' title='bbox 2882 4267 2943 4317; x_wconf 84' lang='lat' dir='ltr'>in</span> <span class='ocrx_word' id='word_1_930' title='bbox 2983 4278 3127 4317; x_wconf 88' lang='lat' dir='ltr'>novo</span> <span class='ocrx_word' id='word_1_931' title='bbox 3161 4260 3459 4332; x_wconf 88' lang='lat' dir='ltr'>domicilio,</span> 
     </span>
     <span class='ocr_line' id='line_1_128' title="bbox 1829 4327 3458 4414; baseline -0.012 -14"><span class='ocrx_word' id='word_1_932' title='bbox 1829 4361 1942 4414; x_wconf 69' lang='lat' dir='ltr'>quae</span> <span class='ocrx_word' id='word_1_933' title='bbox 1979 4338 2198 4398; x_wconf 56' lang='lat' dir='ltr'>indutis</span> <span class='ocrx_word' id='word_1_934' title='bbox 2233 4351 2310 4395; x_wconf 83' lang='lat' dir='ltr'>est</span> <span class='ocrx_word' id='word_1_935' title='bbox 2332 4379 2348 4407; x_wconf 92' lang='lat'>,</span> <span class='ocrx_word' id='word_1_936' title='bbox 2404 4330 2750 4401; x_wconf 87' lang='lat' dir='ltr'>manebitque</span> <span class='ocrx_word' id='word_1_937' title='bbox 2784 4329 3000 4387; x_wconf 82' lang='lat' dir='ltr'>exclusa</span> <span class='ocrx_word' id='word_1_938' title='bbox 3090 4347 3203 4398; x_wconf 77' lang='lat' dir='ltr'>quae</span> <span class='ocrx_word' id='word_1_939' title='bbox 3236 4327 3310 4384; x_wconf 89' lang='lat' dir='ltr'>ab</span> <span class='ocrx_word' id='word_1_940' title='bbox 3349 4330 3458 4384; x_wconf 86' lang='lat' dir='ltr'>ini-</span> 
     </span>
     <span class='ocr_line' id='line_1_129' title="bbox 1830 4370 3465 4482; baseline -0.01 -14"><span class='ocrx_word' id='word_1_941' title='bbox 1830 4415 1913 4468; x_wconf 91' lang='lat' dir='ltr'>tio</span> <span class='ocrx_word' id='word_1_942' title='bbox 1945 4410 2162 4468; x_wconf 82' lang='lat' dir='ltr'>exclusa</span> <span class='ocrx_word' id='word_1_943' title='bbox 2196 4406 2316 4465; x_wconf 85' lang='lat' dir='ltr'>fuit.</span> <span class='ocrx_word' id='word_1_944' title='bbox 2355 4402 2432 4463; x_wconf 91' lang='lat' dir='ltr'>Ut</span> <span class='ocrx_word' id='word_1_945' title='bbox 2465 4409 2611 4461; x_wconf 89' lang='lat' dir='ltr'>enim</span> <span class='ocrx_word' id='word_1_946' title='bbox 2628 4402 2881 4473; x_wconf 87' lang='lat' dir='ltr'>migratio</span> <span class='ocrx_word' id='word_1_947' title='bbox 2919 4370 3123 4456; x_wconf 76' lang='lat' dir='ltr'>nullam</span> <span class='ocrx_word' id='word_1_948' title='bbox 3157 4395 3327 4467; x_wconf 64' lang='lat' dir='ltr'>passis</span> <span class='ocrx_word' id='word_1_949' title='bbox 3363 4400 3465 4482; x_wconf 71' lang='lat' dir='ltr'>do-</span> 
     </span>
     <span class='ocr_line' id='line_1_130' title="bbox 1834 4465 3470 4549; baseline -0.009 -10"><span class='ocrx_word' id='word_1_950' title='bbox 1834 4479 2031 4539; x_wconf 85' lang='lat' dir='ltr'>talibus</span> <span class='ocrx_word' id='word_1_951' title='bbox 2052 4493 2233 4548; x_wconf 85' lang='lat' dir='ltr'>aperte</span> <span class='ocrx_word' id='word_1_952' title='bbox 2250 4480 2522 4549; x_wconf 70' lang='lat' dir='ltr'>conceptis</span> <span class='ocrx_word' id='word_1_953' title='bbox 2558 4473 2914 4530; x_wconf 86' lang='lat' dir='ltr'>mutationem</span> <span class='ocrx_word' id='word_1_954' title='bbox 2933 4465 3140 4526; x_wconf 84' lang='lat' dir='ltr'>adferre</span> <span class='ocrx_word' id='word_1_955' title='bbox 3163 4481 3367 4548; x_wconf 69' lang='lat' dir='ltr'>potest,</span> <span class='ocrx_word' id='word_1_956' title='bbox 3389 4481 3470 4524; x_wconf 78' lang='lat' dir='ltr'>ita</span> 
     </span>
     <span class='ocr_line' id='line_1_131' title="bbox 1837 4545 3469 4611; baseline -0.007 -5"><span class='ocrx_word' id='word_1_957' title='bbox 1837 4570 1932 4606; x_wconf 88' lang='lat' dir='ltr'>nec</span> <span class='ocrx_word' id='word_1_958' title='bbox 1969 4550 2234 4606; x_wconf 87' lang='lat' dir='ltr'>bonorum</span> <span class='ocrx_word' id='word_1_959' title='bbox 2266 4548 2631 4603; x_wconf 85' lang='lat' dir='ltr'>communioni</span> <span class='ocrx_word' id='word_1_960' title='bbox 2667 4560 2756 4611; x_wconf 88' lang='lat' dir='ltr'>per</span> <span class='ocrx_word' id='word_1_961' title='bbox 2793 4545 3014 4595; x_wconf 89' lang='lat' dir='ltr'>tacitam</span> <span class='ocrx_word' id='word_1_962' title='bbox 3050 4554 3210 4602; x_wconf 61' lang='lat' dir='ltr'>conju</span> <span class='ocrx_word' id='word_1_963' title='bbox 3284 4554 3337 4590; x_wconf 90' lang='lat' dir='ltr'>m</span> <span class='ocrx_word' id='word_1_964' title='bbox 3375 4555 3469 4605; x_wconf 87' lang='lat' dir='ltr'>pa-</span> 
     </span>
     <span class='ocr_line' id='line_1_132' title="bbox 1833 4608 3470 4683; baseline -0.01 -4"><span class='ocrx_word' id='word_1_965' title='bbox 1833 4618 2066 4679; x_wconf 65' lang='lat' dir='ltr'>&amp;ionem</span> <span class='ocrx_word' id='word_1_966' title='bbox 2086 4618 2378 4678; x_wconf 89' lang='lat' dir='ltr'>secundum</span> <span class='ocrx_word' id='word_1_967' title='bbox 2409 4616 2646 4683; x_wconf 83' lang='lat' dir='ltr'>superius</span> <span class='ocrx_word' id='word_1_968' title='bbox 2673 4610 2941 4670; x_wconf 86' lang='lat' dir='ltr'>declarata</span> <span class='ocrx_word' id='word_1_969' title='bbox 2963 4608 3183 4665; x_wconf 85' lang='lat' dir='ltr'>introdu</span> <span class='ocrx_word' id='word_1_970' title='bbox 3239 4626 3314 4662; x_wconf 66' lang='lat' dir='ltr'>aa:</span> <span class='ocrx_word' id='word_1_971' title='bbox 3350 4617 3470 4665; x_wconf 89' lang='lat' dir='ltr'>tum</span> 
     </span>
     <span class='ocr_line' id='line_1_133' title="bbox 1836 4675 3469 4761; baseline -0.009 -14"><span class='ocrx_word' id='word_1_972' title='bbox 1836 4693 1962 4760; x_wconf 83' lang='lat' dir='ltr'>quia</span> <span class='ocrx_word' id='word_1_973' title='bbox 2000 4691 2252 4761; x_wconf 86' lang='lat' dir='ltr'>migratio</span> <span class='ocrx_word' id='word_1_974' title='bbox 2289 4686 2531 4752; x_wconf 81' lang='lat' dir='ltr'>nuspiam</span> <span class='ocrx_word' id='word_1_975' title='bbox 2582 4692 2898 4739; x_wconf 85' lang='lat' dir='ltr'>numeratur</span> <span class='ocrx_word' id='word_1_976' title='bbox 2937 4679 3077 4733; x_wconf 87' lang='lat' dir='ltr'>inter</span> <span class='ocrx_word' id='word_1_977' title='bbox 3132 4675 3318 4733; x_wconf 86' lang='lat' dir='ltr'>modos</span> <span class='ocrx_word' id='word_1_978' title='bbox 3355 4675 3469 4732; x_wconf 88' lang='lat' dir='ltr'>dis-</span> 
     </span>
    </p>
   </div>
   <div class='ocr_carea' id='block_1_10' title="bbox 267 4745 3471 4835">
    <p class='ocr_par' dir='ltr' id='par_1_14' title="bbox 267 4745 3471 4835">
     <span class='ocr_line' id='line_1_134' title="bbox 267 4745 3471 4835; baseline -0.008 -8"><span class='ocrx_word' id='word_1_979' title='bbox 267 4750 328 4807; x_wconf 69' lang='lat' dir='ltr'>,in</span> <span class='ocrx_word' id='word_1_980' title='bbox 361 4776 538 4822; x_wconf 78' lang='lat' dir='ltr'>casmn</span> <span class='ocrx_word' id='word_1_981' title='bbox 571 4765 905 4825; x_wconf 71' lang='lat' dir='ltr'>matrimonii</span> <span class='ocrx_word' id='word_1_982' title='bbox 938 4760 1156 4833; x_wconf 59' lang='lat' dir='ltr'>perfecit</span> <span class='ocrx_word' id='word_1_983' title='bbox 1190 4763 1422 4835; x_wconf 80' lang='lat' dir='ltr'>concipi,</span> <span class='ocrx_word' id='word_1_984' title='bbox 1456 4762 1523 4824; x_wconf 87' lang='lat' dir='ltr'>de</span> <span class='ocrx_word' id='word_1_985' title='bbox 1554 4780 1619 4821; x_wconf 89' lang='lat' dir='ltr'>eo</span> <span class='ocrx_word' id='word_1_986' title='bbox 1649 4780 1782 4821; x_wconf 72' lang='lat' dir='ltr'>vero</span> <span class='ocrx_word' id='word_1_987' title='bbox 1840 4758 2103 4821; x_wconf 64' lang='lat' dir='ltr'>solvende</span> <span class='ocrx_word' id='word_1_988' title='bbox 2123 4757 2210 4816; x_wconf 81' lang='lat' dir='ltr'>vel</span> <span class='ocrx_word' id='word_1_989' title='bbox 2229 4753 2624 4815; x_wconf 64' lang='lat' dir='ltr'>introducendae</span> <span class='ocrx_word' id='word_1_990' title='bbox 2658 4749 2954 4819; x_wconf 88' lang='lat' dir='ltr'>societatis,</span> <span class='ocrx_word' id='word_1_991' title='bbox 2968 4757 3067 4804; x_wconf 88' lang='lat' dir='ltr'>aut</span> <span class='ocrx_word' id='word_1_992' title='bbox 3100 4745 3319 4827; x_wconf 77' lang='lat' dir='ltr'>alterius</span> <span class='ocrx_word' id='word_1_993' title='bbox 3335 4760 3471 4803; x_wconf 87' lang='lat' dir='ltr'>con-</span> 
     </span>
    </p>
   </div>
   <div class='ocr_carea' id='block_1_11' title="bbox 2879 4831 2913 4890">
    <p class='ocr_par' dir='ltr' id='par_1_15' title="bbox 2879 4831 2913 4890">
     <span class='ocr_line' id='line_1_135' title="bbox 2879 4831 2913 4890; baseline 0 0"><span class='ocrx_word' id='word_1_994' title='bbox 2879 4831 2913 4890; x_wconf 87' lang='lat'>7</span> 
     </span>
    </p>
   </div>
  </div>
 </body>
</html>
