3971 5383
65 203 74 210 .
1354 142 1457 210 De
1504 144 1659 208 Ritu
1709 141 2147 226 Nuptiarum.

171 220 356 299 feuda,
389 237 592 287 stante
625 230 986 292 matrimonio
1010 247 1108 303 per
1137 251 1420 298 onerosum
1463 250 1560 292 aut
1595 236 1817 294 lucrati·
1875 256 1968 305 per
2004 236 2329 294 alterutrum
2360 249 2651 364 connium

165 317 292 358 vum
328 302 572 360 titulum
608 303 996 368 particularem'
1016 311 1250 375 quasita,
1283 299 1537 368 adhibita
1570 319 1717 364 sunt.

230 369 324 443 75.
360 370 573 441 Neque
608 370 756 430 aliud
790 377 1132 433 statuendum
1170 379 1378 435 videtur
1415 380 1474 432 in
1510 374 1821 434 muneribus

163 457 255 498 seu
284 439 673 516 dignitatibus
707 441 852 517 illis,
882 463 1110 515 quorum
1144 450 1470 506 nundinatio
1506 449 1820 519 quandoque

163 526 225 566 ex
261 510 545 582 Principis
581 529 679 572 aut
712 520 1054 589 magistratus
1084 525 1424 576 concessione
1458 523 1818 590 permittitur,

167 597 379 654 quaque
414 585 491 642 ad
530 581 752 663 heredes
785 591 1022 648 transire
1077 603 1316 655 possunt.
1374 582 1434 643 Si
1487 589 1644 650 enim,
1690 602 1818 645 ante

165 657 593 713 matrimonium
629 671 738 722 jam
770 654 967 714 obierit
1001 661 1231 715 maritus
1304 655 1414 714 haec
1448 658 1817 715 communioni

164 743 301 796 aque
334 739 564 783 exemto
601 729 802 804 censeri
821 726 1039 800 debent,
1074 699 1410 799 atquel'euda
1429 741 1647 788 exemta
1667 737 1817 796 sunt,

163 814 281 855 cum
314 811 556 854 munera
598 794 959 859 hujuscemodi
993 798 1208 868 publica
1258 793 1436 855 feudis
1465 798 1698 870 guardiae
1732 811 1814 855 at-

164 887 260 939 que
290 866 629 938 guastaldis
664 864 931 938 absimilia
953 887 1067 926 non
1101 871 1248 935 sint3
1286 869 1390 923 nisi
1406 869 1546 938 quod
1581 869 1815 938 propius,

165 952 316 1008 qtram
356 936 481 1007 illa,
518 937 596 994 ad
634 935 914 994 feudorum
933 941 1287 1008 propriorum
1323 954 1385 993 ac
1414 936 1677 996 reeiorum
1715 955 1814 993 na·

168 1021 342 1066 turam
375 1006 674 1076 accedant,
706 1006 840 1063 dum
875 1007 945 1066 ad
982 1007 1200 1068 heredes
1237 1023 1519 1068 transeunt
1543 1048 1565 1080 ,
1597 1026 1700 1065 nec
1737 1009 1812 1063 ita

164 1077 390 1138 arbitrio
423 1076 808 1150 concedentis,
842 1087 903 1135 ut
937 1080 1152 1149 quidem
1185 1077 1340 1136 feuda
1375 1079 1608 1152 guardia
1642 1078 1811 1134 adimi

166 1160 419 1218 possiam,
457 1163 526 1204 ut
564 1160 716 1215 patet
752 1165 818 1206 ex
855 1146 942 1204 lib.
989 1168 1033 1205 1.
1060 1146 1216 1220 fiad.
1253 1149 1340 1206 ric.
1376 1165 1427 1204 a.
1481 1146 1548 1208 Θ
1582 1164 1624 1204 t.
1677 1144 1729 1215 4.
1762 1141 1811 1218 ᾗ

166 1221 289 1275 irene
327 1224 374 1273 si
407 1216 664 1276 vasallus
700 1213 752 1273 5.
788 1218 856 1280 (ς
889 1236 931 1276 t.
975 1237 1121 1274 nnec
1141 1216 1230 1276 lib.
1250 1216 1472 1289 4.1.94.
1509 1214 1611 1274 Sin
1629 1230 1813 1273 stante

165 1289 524 1344 matrimonio
555 1295 892 1355 expectauit}
927 1290 1205 1345 communi
1258 1301 1465 1345 coemta
1519 1293 1667 1358 sint,
1717 1300 1811 1343 aut

166 1364 324 1429 gratis
358 1363 573 1418 marito
609 1358 804 1414 collata
824 1399 841 1428 ,
871 1364 1055 1417 uxoris
1088 1355 1371 1415 heredibus
1406 1359 1463 1413 in
1499 1375 1809 1423 compensa-

165 1430 364 1486 tionem
400 1425 677 1498 muneris,
708 1429 851 1497 apud
885 1430 1146 1485 maritum
1179 1430 1543 1495 remanentia,
1578 1427 1812 1483 astima-

193 1500 206 1511 '
312 1515 370 1553 m
404 1493 527 1562 eius
565 1514 635 1553 ex
670 1513 845 1555 massa
876 1502 1153 1555 communi
1187 1494 1480 1569 coniugum
1503 1497 1690 1555 cedere
1717 1499 1812 1558 de-

254 1587 304 1638 e,
337 1564 667 1624 rationibus
702 1580 832 1628 ante
864 1570 932 1627 de
966 1568 1127 1627 feudo
1158 1582 1306 1625 emto
1342 1566 1427 1626 vel
1455 1568 1669 1625 donato
1713 1569 1813 1625 ad-

167 1634 331 1696 ὰιᾶὶε
370 1635 542 1696 facile
580 1631 798 1698 defendi
831 1652 1042 1707 potest3
1078 1639 1370 1706 presertim
1399 1654 1528 1695 cum
1564 1635 1663 1705 ipsi
1697 1639 1807 1696 dis-

163 1707 458 1766 sentientes
492 1712 642 1763 circa
679 1724 874 1766 munus
909 1706 1217 1778 publicum,
1251 1718 1430 1766 stante
1463 1709 1815 1765 matrimonio

200 1779 330 1835 ratis
364 1774 691 1846 obtentum,
725 1779 1056 1836 contendant
1091 1779 1340 1847 omnino,
1375 1795 1409 1831 a
1430 1773 1604 1835 feudis
1640 1778 1707 1835 ad
1727 1791 1811 1834 ta-

165 1794 233 1901 fia
262 1863 502 1904 munera
542 1842 703 1926 facile
736 1847 956 1906 venalia
988 1863 1370 1922 argumentum
1398 1843 1537 1904 reste
1572 1844 1807 1903 formari.

166 1912 326 1987 Quod
362 1931 558 1973 autem
594 1930 771 1988 ayunt,
802 1934 1029 1978 munera
1064 1917 1195 1974 talia
1232 1917 1446 1987 publica
1479 1933 1546 1973 ex
1580 1934 1675 1974 sua
1712 1936 1812 1974 na-

168 2000 286 2044 tura
323 2003 444 2044 non
486 1990 600 2042 reci
637 2006 726 2043 ere
757 1987 1080 2048 divisionem
1102 2028 1122 2058 ,
1174 1987 1230 2046 id
1267 1990 1340 2043 im
1407 1988 1655 2046 dimento
1696 2006 1809 2045 non

168 2070 285 2122 επις
319 2073 451 2114 cum
488 2059 549 2115 δι
612 2057 750 2113 euda
784 2058 1077 2115 secundum
1112 2061 1242 2114 ante
1277 2057 1333 2114 di
1390 2075 1422 2112 a
1475 2056 1718 2125 plurimis
1752 2058 1810 2112 in

167 2123 295 2181 locis
330 2143 487 2182 nunc
529 2126 813 2183 individua
846 2128 981 2197 sint,
1009 2130 1071 2186 δι
1106 2140 1289 2185 tamen
1322 2140 1504 2184 stante
1528 2128 1811 2184 matrimo-

168 2196 260 2250 nio
287 2208 444 2253 emta
484 2211 561 2252 ex
595 2199 873 2256 communi
905 2202 1162 2268 opinione
1180 2211 1438 2267 quantum
1470 2196 1637 2254 adsui
1670 2198 1810 2254 aesti-

169 2269 465 2322 mationem
505 2266 730 2322 veniant
763 2267 821 2325 in
875 2273 1220 2326 statutariam
1256 2265 1519 2323 bonorum
1569 2271 1812 2323 omnium

168 2336 655 2406 comunionem,
707 2352 770 2392 ac
806 2338 1162 2396 individuitas
1198 2334 1405 2393 nullam
1458 2339 1602 2391 inter
1651 2333 1808 2395 feuda

167 2420 305 2462 emta
342 2421 413 2460 ac
450 2404 662 2463 donata
695 2408 860 2476 possit
880 2405 1055 2466 facere
1096 2404 1219 2466 ‘uris
1235 2407 1621 2464 diversitatem.
1655 2405 1808 2466 Con-

167 2469 239 2531 fer
273 2474 357 2538 Ar
394 2488 663 2532 entraeum
696 2474 778 2530 ad
805 2427 1108 2535 consumas
1140 2480 1348 2534 Britan.
1379 2492 1489 2531 art.
1520 2473 1645 2534 526.
1665 2495 1720 2531 n.
1755 2470 1807 2530 5.

165 2541 216 2611 4.
250 2543 301 2603 5.
404 2544 607 2598 arsiam
643 2543 714 2600 de.
741 2549 970 2616 expensis
1004 2564 1054 2603 et
1092 2548 1352 2604 meliorat.
1383 2561 1505 2617 cap.
1541 2543 1594 2613 ⁴.
1630 2565 1684 2600 n.
1728 2543 1809 2603 15.

167 2615 222 2670 in
250 2631 329 2688 pr.
369 2611 648 2670 Dissentit
679 2634 751 2672 ex
785 2629 937 2685 parte
970 2613 1464 2686 aanor-R.esponsi
1511 2620 1660 2690 ‚inter
1695 2611 1806 2673 Re-

125 2700 128 2705 *
165 2702 355 2754 sponsa
395 2682 591 2742 Jurisc.
630 2680 784 2742 Holl.
815 2701 931 2756 par.
968 2684 1018 2743 5.
1055 2687 1230 2743 consil.
1290 2685 1374 2758 75.
1426 2703 1496 2756 pa
1530 2728 1542 2741 .
1579 2683 1702 2746 260.
1756 2703 1807 2743 et

168 2775 290 2827 sqq.
327 2751 476 2812 Abr.
516 2772 550 2808 a
587 2753 781 2814 Wesel
812 2754 878 2810 de
909 2754 1127 2813 connub.
1159 2758 1331 2812 soct‘et.
1367 2773 1454 2825 tm
1483 2766 1524 2813 t.
1568 2773 1610 2812 1.
1647 2776 1700 2811 n.
1721 2770 1805 2826 70.

168 2821 279 2880 Imo
313 2839 373 2881 ut
413 2824 657 2892 apertius
690 2827 899 2887 dicam:
936 2844 1034 2882 nec
1053 2827 1335 2896 erraverit,
1358 2823 1553 2897 quibis
1589 2827 1645 2881 in
1703 2843 1807 2883 uae-

168 2895 442 2953 stionibus
483 2897 627 2952 inter
663 2898 909 2968 regiones
940 2895 1281 2954 distinxerit:
1315 2896 1454 2953 sicut
1474 2896 1534 2951 in
1577 2892 1684 2953 Hol
1743 2913 1807 2951 n-

170 2963 256 3019 dia
288 2964 517 3033 quidem
553 2981 775 3025 munera
816 2964 1047 3035 venalia,
1080 2973 1244 3023 etiam
1262 2980 1392 3023 ante
1427 2966 1642 3033 nuptias
1667 2985 1807 3036 qua-

165 3033 266 3090 tita
326 3041 563 3091 veniant
585 3042 642 3091 in
678 3036 1111 3093 communionem
1128 3041 1492 3106 statuariam,
1523 3037 1659 3093 sicut
1686 3032 1809 3094 feu-

167 3100 235 3159 da
269 3074 638 3164 bereditaria:
674 3120 732 3162 at
767 3102 1056 3175 Ultrajeffl
1093 3108 1149 3165 &
1188 3113 1245 3164 in
1284 3103 1476 3163 Gelria
1530 3119 1659 3163 ante
1706 3124 1808 3162 nu-

171 3174 305 3239 ptias
339 3180 565 3247 quesita
603 3175 700 3232 uni
735 3191 957 3235 munera
980 3175 1190 3232 venalia
1212 3195 1320 3233 non
1345 3177 1566 3232 veniant
1585 3177 1641 3234 in
1661 3191 1807 3232 com-

169 3246 507 3315 munionem,
542 3246 702 3302 sicuti
739 3263 840 3303 nec
875 3241 1055 3316 feuda,
1090 3258 1219 3303 ante
1256 3252 1466 3316 nuptias
1502 3244 1600 3304 uni
1623 3245 1808 3315 quaesi·-

172 3322 245 3383 ta,
280 3313 363 3370 ibi
401 3332 497 3383 per
534 3315 748 3383 nuptias
781 3316 1091 3373 communia
1130 3314 1280 3374 fiant.

238 3382 325 3455 76.
360 3382 769 3454 Juspatronatus
803 3388 943 3453 quod
977 3390 1195 3459 attinet,
1227 3387 1276 3442 si
1298 3386 1515 3454 quidem
1549 3382 1683 3444 illud
1700 3398 1808 3443 ter-

173 3452 358 3517 ritorio
394 3453 482 3512 vel
521 3467 700 3513 castro
733 3452 1032 3525 coherent,
1065 3456 1355 3514 dicendum
1392 3457 1640 3526 videtur,
1675 3453 1810 3512 illud

173 3520 317 3580 velut
356 3526 622 3582 territorii
661 3525 1010 3583 accessorium
1037 3522 1209 3583 ‘t‘oties
1235 3526 1530 3585 ‘communi
1583 3528 1811 3594 cedere.

174 3590 259 3648 vel
291 3593 469 3652 eidem
487 3593 734 3665 subduci,
751 3597 958 3664 quoties
986 3602 1154 3664 ipsum
1173 3609 1408 3661 castrum
1426 3597 1810 3651 communione

177 3666 459 3720 statutaria
496 3664 786 3721 universali
805 3664 1263 3739 comprehensum,
1299 3680 1393 3722 aut
1428 3678 1620 3721 contra
1637 3663 1811 3723 eidem

178 3746 481 3805 exemtum,
517 3732 866 3805 judicandum
917 3748 1016 3793 est.
1075 3732 1176 3792 Sin
1215 3733 1355 3792 nulli
1393 3737 1479 3797 ,rei
1515 3732 1812 3806 immobili,

178 3801 263 3858 sed
299 3814 529 3873 persona
564 3802 827 3863 cohaeroet
849 3847 867 3873 ,
902 3811 948 3863 si
981 3806 1194 3876 quidem
1227 3817 1409 3863 stante
1461 3806 1815 3861 matrimonio

180 3874 447 3939 quaesitum
483 3880 575 3945 sit,
608 3872 852 3945 exemplo
887 3877 1123 3939 muneris
1142 3872 1340 3944 publici
1376 3889 1660 3933 commune
1675 3877 1813 3940 erit3

179 3942 382 4021 siyem
416 3961 552 4004 ante
587 3946 992 4009 matrimonium
1025 3941 1364 4003 contratiurn
1397 3942 1511 4027 ejus
1544 3941 1813 4013 manebit,

180 4028 322 4079 culus
360 4013 504 4087 fuit,
539 4034 610 4073 ne
644 4015 857 4085 quidem
895 4021 951 4071 in
987 4022 1070 4075 sui
1105 4017 1279 4083 pretio
1313 4013 1526 4086 conjugi
1573 4029 1814 4071 commu·

182 4081 484 4146 nicandum.
523 4082 645 4143 Etsi
675 4087 826 4149 enim
861 4102 1046 4145 verum
1079 4089 1172 4156 sit,
1205 4084 1349 4153 quod
1369 4082 1668 4166 bona-illa,
1693 4085 1812 4156 qui-

327 4155 517 4214 dotata
553 4166 647 4212 aut
684 4153 914 4214 fundata
950 4169 1042 4215 aut
1063 4152 1322 4214 adificata
1348 4151 1591 4224 ecclesia,
1627 4170 1706 4222 Jus
1724 4170 1813 4222 pa-

183 4230 428 4291 tronatus
464 4225 604 4285 alter
636 4222 926 4298 conjugum
959 4237 1091 4285 ante
1146 4228 1550 4286 matrimonium
1596 4225 1694 4280 ade

189 4301 290 4361 ext,
322 4296 632 4354 communia
668 4294 869 4369 forent,
902 4301 949 4355 si
985 4313 1097 4352 non
1134 4298 1230 4356 dos
1263 4297 1433 4366 data,
1467 4306 1561 4355 aut
1597 4312 1656 4355 ec
1707 4295 1813 4348 esia

189 4352 428 4436 fundata,
465 4365 553 4424 vel
588 4363 848 4427 aedificata
886 4363 1101 4433 suisset3
1140 4379 1411 4437 perperam
1467 4374 1650 4421 tamen
1689 4362 1814 4420 inde

193 4424 258 4487 fib
292 4430 502 4495 Abrah.
540 4454 576 4493 a
610 4434 803 4501 Wesel
837 4434 902 4494 de
921 4435 1138 4493 conaub.
1175 4437 1346 4491 societ.
1369 4431 1526 4489 troii.
1571 4451 1617 4490 1.
1652 4442 1812 4507 n.92.

195 4514 239 4553 nt
275 4522 353 4576 seq
388 4546 400 4561 .
436 4506 741 4577 deducitur,
775 4501 859 4575 J’us
895 4505 1029 4567 illud
1065 4517 1400 4575 patronatus,
1431 4505 1578 4571 quod
1625 4518 1693 4560 ex
1730 4516 1813 4558 ta-

190 4564 322 4655 libus
353 4527 513 4634 bonis
550 4575 815 4647 reliquum
852 4590 951 4645 est,
984 4575 1176 4633 debere
1208 4577 1577 4631 communioni
1613 4574 1813 4631 cedere.

195 4636 336 4697 Tium
368 4651 423 4705 δι
461 4649 528 4705 de
563 4653 784 4707 coemtis
820 4662 950 4704 ante
985 4647 1399 4721 matrimonium.
1447 4640 1519 4699 ab
1553 4641 1817 4701 alterutro

192 4708 413 4847 ‘⁰⁰er
449 4714 621 4775 feudis
673 4719 728 4781 ,ac
765 4717 832 4775 de
870 4717 1077 4786 prediis
1113 4730 1272 4775 antea
1310 4713 1678 4790 allodialibus,
1722 4712 1817 4789 sed

520 4787 566 4848 d
590 4758 842 4849 flandra.
879 4788 1021 4846 rom.
1059 4785 1158 4848 11⁷.

373 4803 450 4848 058
482 4809 520 4847 11

2687 247 2819 296 ante
2854 235 3074 307 nuptias
3130 238 3189 293 ln
3227 139 3515 300 donfilium

2610 325 2774 378 eoque
2807 326 2987 368 rursus
3018 327 3113 377 per
3130 311 3515 370 investituram

2563 378 2634 435 od
2657 378 2769 436 fieri
2806 398 2954 447 posse
2971 378 3026 436 ἃ
3046 380 3406 447 superioribus
3424 401 3514 443 se·

1869 305 2141 365 direaum
2179 304 2472 379 translatis,
2506 326 2535 363 a

1875 373 1988 445 jure
2024 374 2171 436 feudi
2205 379 2427 445 receptis
2461 373 2496 503 ς

1876 446 2011 504 culis
2033 445 2151 503 fieri
2171 447 2410 518 solitum,
2430 465 2461 503 a
2486 451 2504 502 i
2549 456 2564 504 i
2601 452 2657 504 in
2693 457 2916 508 materia
2937 447 3216 506 feudorum
3236 452 3514 520 explican-

1875 518 2005 573 dum
2039 519 2143 573 erit
2189 519 2384 576 merito
2417 518 2635 590 dixeris,
2669 519 2865 588 praedia
2886 518 3005 592 illa,
3039 524 3087 575 si
3122 538 3231 576 non
3270 541 3338 577 ex
3373 522 3514 582 allo-

1880 586 1989 643 diis
2025 583 2059 640 f
2151 585 2258 642 alia
2296 584 2443 645 sana
2479 603 2673 658 essent,
2704 590 2760 647 ἃ
2782 606 3046 656 nummos,
3080 587 3364 649 sifeudum
3387 592 3516 651 inde

1877 674 1990 712 non
2009 670 2143 714 esset
2162 671 2551 728 comparatum,
2602 662 2972 717 conmunioni
3003 678 3208 718 cessura
3223 658 3423 728 fuissei
3454 663 3515 722 δε

1875 739 2058 794 tamen
2083 726 2224 785 idem
2261 727 2355 783 ille
2387 724 2576 786 aanor
2606 726 2875 800 defendit,
2909 747 2973 784 ac
2994 726 3155 799 reEie,
3192 726 3350 789 feuda
3380 746 3514 791 aute

1873 798 2282 856 matrimonium
2316 794 2477 856 alteri
2510 794 2797 869 coniugum
2832 801 3073 871 quaesita,
3106 818 3195 868 per
3230 803 3513 858 matrimo-

1875 867 2026 921 nium
2044 870 2103 921 in
2119 873 2465 924 statutariam
2500 883 2613 924 non
2635 869 2868 930 incidere
2899 872 3352 947 communionem.
3390 869 3512 932 Nec

1870 947 2069 1005 mutat,
2087 937 2230 1006 quod
2249 938 2334 991 vir
2350 949 2531 994 stante
2544 939 2896 994 matrimonio
2914 953 3312 1010 Juspatronatus
3334 944 3513 1008 nomi,

1872 1023 1941 1066 ne
1959 1010 2138 1063 uxoris
2168 1024 2413 1068 exercere
2444 1010 2609 1076 possit
2627 1027 2688 1064 ac
2706 1006 2878 1066 soleat
2907 1027 2920 1039 ·
2943 1027 3065 1070 cum
3086 1010 3143 1068 id
3162 1028 3293 1069 non.
3311 1028 3377 1068 ex
3397 1010 3512 1071 ullo

1869 1078 2285 1147 communionis,
2316 1078 2410 1135 sed
2444 1089 2658 1136 tantum
2693 1045 2960 1136 maritalis
2977 1084 3260 1151 potestatis
3281 1076 3396 1149 jure
3414 1082 3510 1143 de·

1870 1146 2093 1202 scendat
2116 1163 2144 1228 ὶ.
2168 1149 2221 1205 &
2257 1162 2501 1216 praterea
2523 1150 2839 1208 exercitium
2872 1148 3009 1208 illud
3030 1169 3140 1207 non
3161 1152 3270 1206 nisi
3291 1148 3435 1211 stu&
3445 1171 3507 1210 us

1871 1216 2090 1283 quidam
2124 1217 2255 1286 ,uris
2293 1229 2609 1286 patronatus
2625 1221 2696 1276 sit
2714 1236 2736 1288 3
2769 1237 2930 1289 quem
2967 1215 3198 1280 (maiam
3217 1223 3270 1280 ἂ
3292 1237 3360 1278 ex
3382 1219 3502 1281 seu·

1868 1285 1952 1342 dis
1984 1288 2353 1343 communioni
2384 1285 2658 1346 subduffls
2689 1307 2723 1344 a
2758 1296 2954 1348 marito
3040 1292 3197 1360 rcipi,
3232 1305 3395 1366 atque
3416 1307 3501 1350 et·

1871 1361 1979 1410 iam
2013 1356 2384 1413 communioni
2417 1359 2695 1426 imputari,
2727 1373 2857 1417 ante
2889 1360 2945 1418 di
3004 1378 3093 1417 um
3129 1373 3229 1418 est.

1941 1436 2028 1495 77.
2065 1423 2221 1482 Bona
2257 1429 2474 1494 insuper
2509 1426 2993 1485 fideicommissaria
3029 1431 3086 1487 in
3110 1428 3253 1488 hanc
3285 1432 3510 1492 univer-

1869 1492 2036 1548 salem
2069 1511 2182 1551 non
2229 1496 2418 1575 venire
2465 1505 2940 1569 communionem,
2997 1516 3052 1555 ta
3116 1520 3270 1558 ,uam
3324 1501 3513 1561 aliena

1871 1568 2060 1635 magis,
2131 1579 2257 1620 uam
2292 1567 2535 1636 conjugis
2569 1574 2805 1651 propria,
2841 1568 3070 1628 ubidies
3142 1573 3506 1630 deicommissi

1870 1636 1958 1690 cui
1997 1651 2099 1689 con
2141 1637 2243 1691 itio
2273 1639 2550 1708 extiterit,
2613 1640 2718 1694 nisi
2752 1653 3013 1708 quatenus
3048 1656 3113 1696 ex
3163 1639 3512 1702 Trebelliano

1871 1703 2065 1761 deduci
2098 1717 2339 1775 possunt,
2356 1718 2466 1761 -aut
2503 1704 2617 1774 jure
2654 1705 2902 1781 legitimae
2940 1708 3109 1767 libera
3142 1729 3254 1768 esse
3290 1708 3515 1784 debent,

1869 1775 2141 1830 evincitur
2172 1777 2306 1832 satis
2340 1791 2410 1836 ex
2449 1775 2548 1846 iis,
2580 1793 2691 1845 qure
2728 1779 2787 1834 in
2825 1784 2910 1835 tit.
2943 1779 3008 1835 de
3043 1775 3322 1848 usufrubiu
3356 1799 3391 1837 a
3416 1799 3513 1838 me

1870 1840 2098 1900 adduRa
2118 1858 2243 1900 sunt
2276 1865 2330 1900 n.
2375 1855 2454 1915 19.
2490 1862 2554 1901 ac
2592 1845 2741 1904 velut
2774 1844 2854 1917 ius
2887 1866 3170 1910 commune
3205 1867 3268 1906 ac
3303 1863 3511 1910 certum

1966 1911 2098 1970 bant
2140 1910 2305 1986 Hugo
2339 1912 2569 1972 Grotius
2620 1916 2934 1975 manudubi.
2987 1918 3072 1974 ad
3097 1919 3327 1988 jurispr.
3363 1921 3508 1978 Holl.

1953 1980 2060 2041 mb.
2098 1981 2264 2040 Goris
2297 1982 2504 2041 adven.
2537 1988 2697 2044 crati.
2742 2004 2787 2043 1.
2823 2000 2936 2059 cap.
2983 2007 3027 2046 ι.
3047 2007 3196 2046 num.
3235 1983 3321 2045 28.
3354 1988 3510 2052 Neo-

1868 2052 2076 2110 stadius
2110 2054 2278 2110 Curiae
2310 2053 2566 2110 Helland.
2603 2059 2759 2113 decis.
2812 2057 2864 2114 5.
2902 2063 2962 2116 in
2980 2056 3115 2128 fine.
3150 2056 3295 2117 Ant.
3351 2057 3505 2117 Mat-

1868 2120 2036 2180 thaeus
2067 2125 2328 2192 paremio
2361 2139 2413 2179 2.
2451 2145 2507 2180 n.
2542 2122 2629 2181 50.
2664 2129 2723 2182 in
2758 2125 2896 2184 med.
2934 2126 3076 2184 Abr.
3131 2144 3163 2182 a
3219 2128 3396 2187 Wesel
3442 2128 3509 2186 de

1868 2190 2083 2250 connub.
2118 2196 2291 2250 societ.
2327 2193 2484 2250 trabi.
2524 2212 2577 2252 1.
2612 2214 2667 2250 n.
2700 2192 2789 2253 86.
2841 2196 2929 2269 87.
2964 2195 3050 2252 88.
3107 2194 3216 2257 Res
3289 2216 3382 2255 nsa
3417 2199 3510 2258 Ju-

1870 2270 1991 2321 risc.
2032 2259 2184 2320 Holl.
2214 2278 2331 2333 par.
2375 2282 2418 2321 1.
2454 2266 2634 2322 comil.
2678 2261 2797 2323 115.
2833 2267 2894 2321 in
2929 2266 3065 2322 med.
3104 2263 3215 2337 Qui
3255 2287 3314 2326 us
3349 2270 3508 2324 simi-

1867 2332 1963 2402 lia,
1997 2351 2113 2402 quae
2147 2333 2351 2396 donata
2386 2329 2603 2408 conjugi
2638 2335 2736 2391 uni
2771 2351 2832 2391 ea
2851 2335 2985 2407 lege,
3020 2348 3102 2405 ut,
3135 2339 3180 2392 si
3217 2341 3333 2395 sine
3370 2336 3507 2396 libe-

1866 2404 1941 2459 ris
1974 2403 2282 2475 decesserit,
2316 2405 2564 2460 restituat
2595 2404 2847 2475 donanti,
2883 2405 2968 2461 vel
3003 2405 3259 2463 donantis
3292 2404 3505 2466 heredi-

1868 2472 1985 2544 bus,
2016 2489 2084 2527 ac
2124 2474 2170 2529 is
2206 2474 2327 2531 sine
2359 2471 2542 2532 liberis
2575 2477 2841 2531 moriatur
2862 2514 2883 2544 ,
2918 2472 2989 2531 D.
3022 2473 3140 2535 Joh.
3177 2494 3212 2532 a
3248 2473 3510 2536 Someren

1864 2542 1930 2598 de
1950 2542 2084 2616 jure
2112 2561 2316 2601 novere.
2354 2557 2463 2610 cap.
2488 2561 2535 2601 1.
2577 2562 2630 2598 n.
2651 2540 2705 2601 5.
2742 2541 2852 2601 Sed
2870 2546 2946 2615 Gr,
2980 2547 3119 2601 sisic
3154 2546 3358 2604 donata
3416 2566 3507 2604 ro·

1867 2630 2034 2683 ponas
2073 2610 2159 2668 vel
2195 2607 2382 2670 ιεῙίἂε
2415 2621 2511 2670 uni
2543 2609 2852 2684 conjugum,
2886 2630 2955 2672 ne
2975 2616 3272 2674 statutariae
3306 2635 3365 2673 ce
3439 2632 3509 2676 nt

1864 2682 2260 2756 communioni,
2295 2680 2382 2741 lex
2401 2683 2713 2742 donationis
2741 2683 3010 2742 servanda
3039 2700 3139 2756 est,
3174 2704 3287 2758 arg.
3320 2687 3506 2745 novell.

1874 2773 1893 2811 1
1909 2767 1989 2825 17.
2027 2768 2142 2822 cap.
2185 2769 2232 2810 1.
2268 2756 2324 2811 ἃ
2359 2771 2390 2810 a
2458 2795 2471 2810 .
2511 2754 2545 2809 1.
2580 2755 2743 2828 legem
2774 2766 2829 2826 9.
2867 2755 2923 2809 C.
2959 2753 3026 2810 de
3060 2753 3328 2812 donanim.
3367 2758 3405 2813 l.
3443 2760 3501 2816 in

1864 2820 2234 2880 traditionibus
2268 2817 2355 2892 ⁴8.
2444 2865 2458 2880 .
2494 2820 2560 2878 de
2584 2824 2756 2891 pactis·
2790 2823 2830 2879 l.
2950 2825 2998 2878 ‘a
3034 2824 3123 2893 42.
3145 2822 3224 2895 ff
3263 2823 3330 2880 de
3362 2846 3511 2885 mor·-

1862 2897 1932 2950 tt'r
1970 2913 2139 2950 caus-a
2172 2890 2436 2949 donation-
2475 2892 2563 2949 lib.
2612 2912 2655 2950 1.
2695 2889 2836 2965 ιβ.
2947 2893 2998 2950 d.
3035 2892 3103 2950 de
3153 2894 3335 2951 donat.
3463 2917 3507 2952 ae

1867 2961 1961 3021 rub
1997 2960 2165 3018 modo.
2221 2963 2365 3021 Cum
2400 2965 2552 3020 enim
2586 2964 2686 3030 ipsi
2722 2961 2972 3036 conjuges
3006 2960 3177 3033 pastis
3227 2964 3401 3023 dotali
3440 2987 3506 3025 us

1869 3045 2154 3104 potuerunt
2192 3051 2272 3090 res
2305 3051 2425 3090 mas
2459 3032 2834 3092 communioni
2877 3039 3153 3104 eximere,
3240 3036 3394 3093 uidni
3445 3038 3505 3095 δε

1865 3110 2081 3174 tertius,
2116 3103 2198 3159 uti
2236 3105 2411 3171 potuit
2448 3120 2560 3160 non
2595 3103 2838 3173 donare,
2872 3105 2931 3162 δι
2980 3108 3060 3160 ita
3112 3107 3177 3181 81,
3245 3106 3503 3163 onationi

1866 3171 2008 3230 hanc
2045 3175 2216 3260 legem
2251 3190 2448 3241 ponere
2483 3191 2654 3242 neque
2690 3186 2924 3241 turpem,
2959 3192 3132 3245 neque
3154 3187 3270 3241 Jure
3303 3173 3506 3245 proba-

1865 3241 2024 3300 tam?
2055 3240 2134 3300 Et
2168 3259 2335 3314 sane,
2366 3244 2412 3299 si
2515 3262 2541 3299 r
2577 3242 2969 3300 fideicommissi
3004 3246 3145 3299 onus
3194 3246 3507 3313 impositum

1867 3318 1933 3383 is,
1961 3330 1997 3368 a
2033 3328 2141 3387 quo
2176 3328 2258 3371 res
2292 3309 2441 3380 profe
2497 3331 2528 3368 a
2564 3325 2663 3384 est,
2723 3308 2936 3368 efficere
2974 3310 3176 3383 valeat,
3211 3332 3282 3372 ne
3318 3313 3414 3370 illa
3442 3316 3505 3374 in

1866 3378 2209 3455 conjugalem
2241 3381 2396 3438 cedat
2431 3382 2903 3453 communionem,
2937 3383 3083 3439 ratio
3116 3398 3226 3437 non
3261 3394 3343 3439 est
3408 3403 3507 3443 cur

1868 3470 1979 3510 non
2017 3456 2075 3509 in
2112 3452 2227 3521 ipso
2258 3451 2574 3509 donationis
2606 3449 2731 3510 acin
2764 3464 2949 3522 aperta
3006 3452 3062 3509 id
3166 3465 3223 3510 at
3258 3425 3507 3522 prolubi-

1869 3528 2037 3593 tione,
2073 3517 2256 3578 Sande
2291 3518 2449 3578 decis.
2488 3520 2621 3578 Frir.
2660 3522 2697 3578 l.
2734 3535 2786 3578 Β.
2824 3536 2865 3577 t.
2887 3517 3117 3647 Saffo.
3175 3518 3318 3593 .fere
3333 3524 3392 3582 in
3418 3538 3499 3592 pt.

1866 3589 2213 3651 chassanaeus
2227 3588 2309 3645 ad
2352 3608 2575 3647 consuet.
2618 3591 2701 3649 Bu
2758 3589 2886 3648 und.
2920 3611 2983 3647 m
3016 3612 3058 3646 r.
3078 3589 3129 3647 5.
3190 3632 3203 3647 .
3224 3607 3274 3647 2.
3296 3594 3355 3647 in
3387 3614 3505 3651 vet·-

1867 3659 1949 3732 bo,
2017 3663 2153 3717 artic
2211 3680 2234 3715 5
2267 3677 2363 3730 est,
2381 3681 2432 3716 n.
2453 3675 2504 3717 2.
2525 3658 2685 3730 Resp.
2715 3658 3139 3730 urisc.Holl.par-.
3182 3662 3403 3719 ,consila
3421 3658 3503 3720 18.

1940 3745 1984 3802 7.
2013 3773 2026 3788 .
2065 3729 2117 3787 Α
2256 3745 2311 3782 m
2345 3747 2551 3801 quoque
2587 3732 2978 3802 sponsalitiam,
3011 3720 3129 3788 1]εέ
3131 3749 3243 3789 non
3263 3748 3324 3788 ea
3381 3749 3498 3798 qua

1870 3800 2034 3858 titulo
2066 3800 2199 3858 doni
2233 3800 2495 3855 matutini
2529 3818 2563 3857 a
2600 3818 2797 3870 sponso
2832 3802 2891 3857 in
2926 3818 3177 3868 sponsam
3210 3817 3313 3858 con
3338 3818 3503 3858 erun-

1867 3884 1975 3940 tur,
2012 3869 2177 3928 veluti
2210 3867 2439 3937 annuli,
2473 3868 2624 3928 lineae
2660 3871 3092 3942 margaritarum,
3110 3884 3311 3930 catena:
3331 3888 3505 3929 aurea

1871 3954 1965 3997 aut
2001 3956 2186 3997 eorum
2223 3938 2342 3996 loco
2374 3950 2522 3996 certa
2559 3942 2791 4009 pecunia
2825 3942 3131 4013 quantitas,
3160 3958 3379 4015 quaeque
3414 3958 3504 3996 so-

1871 4008 1985 4066 lent
2018 4007 2212 4079 jocalia
2245 4008 2374 4081 dici,
2415 4008 2474 4065 in
2508 4016 2789 4066 statutaria
2808 4011 3053 4068 omnium
3069 4010 3337 4069 bonomm
3351 4027 3505 4069 com-

1870 4082 2127 4139 munione
2162 4095 2274 4136 non
2309 4077 2690 4150 comprehendi
2722 4078 2982 4153 plerisque
3009 4077 3225 4151 placuit,
3257 4083 3313 4138 &
3332 4082 3507 4137 ratio-

1871 4152 1958 4208 nis
1992 4162 2109 4216 est3
2143 4168 2211 4207 eo
2243 4148 2387 4217 quod
2420 4146 2566 4205 adius
2603 4153 2875 4219 agentium
2909 4144 3116 4219 aliquid
3161 4151 3377 4221 operari
3408 4151 3505 4208 de-
3532 4182 3545 4205 2

1871 4219 2021 4291 bent,
2059 4217 2197 4275 nihil
2232 4236 2363 4274 vero
2395 4231 2718 4300 operaretur
2747 4217 2896 4277 assus
2933 4217 3084 4279 hicce
3118 4218 3506 4289 liberalitatis,

1869 4291 1916 4349 si
1952 4292 2031 4345 ita
2064 4289 2266 4347 donata
2298 4303 2422 4346 cum
2456 4289 2655 4346 caeteris
2690 4292 2879 4347 herent
2914 4294 3057 4346 inter
3070 4288 3323 4361 conjuges
3355 4304 3509 4344 com-

1873 4367 2078 4430 munia,
2117 4376 2215 4416 nec
2250 4369 2378 4415 ante
2413 4358 2738 4416 divisionem
2775 4364 3193 4428 praeciperentur.
3236 4357 3401 4431 Quod
3416 4373 3505 4415 ta·-

1873 4447 1995 4487 men
2030 4429 2249 4485 statutis
2286 4426 2562 4509 nonnullis
2597 4429 2677 4484 ita
2712 4427 2993 4499 limitatur,
3028 4440 3091 4487 ut
3109 4429 3285 4487 locum
3303 4424 3506 4485 habeat

1873 4501 1931 4557 in
1969 4499 2114 4555 hisce
2144 4494 2406 4566 jocalibus
2438 4515 2520 4570 jus
2538 4500 2804 4569 praecipni,
2839 4502 2886 4554 si
2919 4503 3034 4557 sine
3053 4498 3239 4556 liberis
3271 4498 3506 4555 maritus

1871 4569 2114 4640 decedat,
2150 4569 2285 4625 Ant·
2324 4564 2617 4626 Matthaeus
2649 4571 2903 4638 pamm'ia
2940 4584 2990 4624 a.
3026 4586 3079 4625 n.
3110 4567 3199 4625 51.
3221 4566 3505 4625 52.Groc-

1874 4654 2144 4712 nevegen
2179 4635 2262 4691 ad
2301 4638 2337 4693 Ι.
2385 4636 2463 4694 16.
2501 4637 2621 4695 cod.
2639 4638 2705 4694 de
2737 4636 3001 4694 donation.
3030 4656 3158 4694 ame
3174 4653 3316 4708 nupt.
3353 4656 3504 4692 num.

1873 4713 1971 4770 ult..
2008 4705 2183 4770 Wesel
2235 4703 2298 4765 do
2322 4707 2547 4771 sonneb-
2582 4712 2755 4770 sacza-t.
2780 4708 2954 4839 ‘tt-alg-
3000 4728 3043 4766 1.
3081 4727 3230 4768 num.
3282 4703 3371 4778 89.
3415 4720 3505 4778 9ο.
