3971 5383
1149 191 1253 254 De
1288 190 1693 252 curatoribus
1719 186 1974 270 furioso
2010 185 2072 252 b·
2105 188 2264 250 aliis
2299 186 2417 253 Ec.

3200 184 3338 264 223

133 302 247 349 tate
279 305 310 345 a
346 289 663 358 magistrat-u
681 275 1356 358 domiciliiinterpositum,
1375 287 1602 336 comiter
1635 276 1734 335 ob·
1762 313 1771 344 ,
1797 280 2004 348 pientes
2034 280 2202 334 etiam
2234 293 2440 361 affquum
2477 276 2670 351 visum,
2702 277 2811 336 illis
2842 298 2967 337 eum
3000 281 3140 350 dari,
3172 285 3264 352 qui
3287 281 3409 354 pro-

129 362 326 415 servari
362 357 431 412 ab
466 354 583 411 aliis
618 357 830 410 ratlone
854 369 1040 409 rerum
1074 370 1176 409 sua
1217 346 1573 416 jurisdiffloni
1609 349 1738 406 sub-

124 424 384 495 jeaamm
407 468 424 496 ‚
458 423 654 481 Parens
690 441 740 492 p.
776 437 936 477 mem.
971 420 1171 478 Paulus
1208 419 1349 475 Voet
1406 419 1466 473 de
1522 422 1737 476 natatis

125 498 249 552 seH.
284 495 338 565 4.
372 509 487 563 cap.
520 490 573 548 3.
601 515 655 549 n.
684 507 764 564 17.
801 490 868 552 δ’
903 489 965 545 de
999 508 1196 547 narum
1231 487 1405 543 mobis.
1425 487 1494 550 Θ
1524 488 1734 546 immab.

124 583 239 634 cap.
290 581 372 620 12.
407 585 460 620 n.
498 580 548 618 2.
593 561 772 630 Plane,
811 562 856 616 si
892 566 1008 632 quis
1042 567 1270 616 omnino
1306 563 1522 631 ignarus
1556 562 1735 618 decre·

115 637 275 705 ti,·&
308 637 366 690 in
401 633 510 689 alia
543 639 762 706 regione
793 630 1015 705 degens,
1051 628 1147 686 ubi
1183 631 1457 687 decretum
1496 629 1736 695 publica-

119 719 238 762 tum
276 723 388 761 non
423 717 524 774 est,
539 705 870 760 contraxerit
891 717 1013 757 cum
1049 702 1274 773 prodigo
1334 698 1527 756 callide
1567 705 1736 758 inter-

113 773 412 834 distionem
449 771 709 831 bonorum
747 769 854 828 sibi
887 769 1201 828 solemniter
1255 742 1452 825 stisiam
1487 771 1737 828 dissimu-

117 846 292 914 lante,
328 840 526 912 justum
565 842 749 910 fuerit,
783 838 917 918 huic
942 843 1022 897 ita
1056 859 1146 910 per
1181 840 1463 911 prodigum
1502 845 1737 897 circum-

118 929 286 972 vento
322 920 552 972 succurri
581 931 652 972 ex
688 913 865 980 capite
899 913 1025 980 lusti
1057 916 1275 978 erroris,
1313 925 1371 967 ut
1406 911 1626 978 perinde
1659 908 1736 968 ef-

115 983 334 1043 ficacem
387 982 584 1041 habeat
621 979 887 1040 actionem
907 1022 925 1051 ,
960 1000 1021 1039 ac
1056 985 1104 1038 si
1137 999 1258 1040 cum
1294 981 1404 1035 alio
1438 988 1736 1037 contraxis-

107 1070 233 1125 set,
269 1054 362 1111 cui
399 1054 553 1110 bonis
606 1051 956 1111 interdiaum
1010 1071 1122 1108 non
1158 1067 1234 1107 est
1258 1073 1281 1118 ,·
1320 1053 1737 1123 praesupposito‚

111 1126 256 1196 quod
294 1122 584 1196 probabilis
617 1122 908 1180 admodum
946 1121 1362 1194 ignorantia'sit
1385 1161 1400 1186 ‚
1440 1138 1501 1175 ac
1536 1121 1580 1175 si
1616 1121 1735 1178 exi-

147 1208 293 1266 atur‚
334 1195 349 1246 i
388 1213 442 1250 se
479 1191 678 1250 bonam
714 1190 872 1248 fidem
905 1209 1055 1249 suam
1098 1187 1440 1260 jurisjurandi
1475 1189 1736 1264 religione

152 1277 310 1322 rmet.
346 1213 530 1334 fioque
566 1258 696 1320 facit
729 1279 788 1318 ar
825 1277 1108 1322 amentum
1142 1279 1204 1317 ex
1244 1261 1282 1314 l.
1305 1263 1350 1314 si
1386 1263 1547 1317 sciens
1569 1259 1650 1316 26.
1669 1259 1736 1331 ffi

107 1335 176 1388 de
211 1333 447 1390 contr-ab.
483 1349 611 1389 emt.
649 1330 742 1389 ubi
817 1349 907 1389 um
940 1329 1352 1391 Iurisconsultus
1385 1337 1497 1400 ait,
1534 1348 1618 1387 me
1638 1337 1658 1401 ,'
1691 1334 1738 1387 ri

110 1408 281 1461 niem
316 1425 496 1460 emam
531 1402 603 1458 ab
634 1423 711 1472 eo,
744 1403 831 1459 cue‘
864 1400 1008 1458 bonis
1043 1400 1382 1464 inter-difflata
1417 1405 1485 1457 sit
1509 1442 1527 1471 ,
1561 1401 1735 1468 dorni-

108 1491 252 1532 num
289 1490 397 1532 non
439 1471 586 1542 fieri,
611 1489 646 1528 a
682 1473 960 1528 contrario
992 1469 1420 1540 concludendum
1454 1486 1674 1540 est,me‚
1694 1476 1734 1526 si

103 1552 369 1618 ignorans
401 1549 640 1612 emerim,
675 1541 959 1598 dominum
993 1537 1142 1597 effici
1164 1582 1181 1600 .
1220 1538 1303 1599 vel
1342 1546 1454 1611 ipso
1497 1540 1612 1612 iure
1650 1541 1733 1598 vel

106 1614 312 1673 saltem
347 1618 591 1681 pretoria
641 1611 914 1678 tuitione3
948 1611 1246 1669 dummodo
1295 1611 1695 1670 meminerimus
1719 1654 1736 1682 ,

101 1683 402 1742 secundum
438 1683 577 1753 leges
609 1699 708 1744 pro
726 1683 928 1741 sciente
963 1679 1154 1737 haberi
1190 1699 1331 1751 eum,
1347 1683 1441 1754 qui
1478 1688 1735 1754 ignoran-

101 1757 184 1810 tia
224 1755 426 1820 supina·
457 1756 509 1810 &
547 1749 794 1808 affectata
832 1751 1005 1809 nescit
1038 1749 1176 1808 illud
1205 1792 1222 1820 ,
1243 1754 1400 1826 ‚quod
1452 1771 1640 1809 omnes
1676 1753 1734 1807 in

95 1835 169 1882 ea
209 1841 236 1878 t
309 1822 429 1878 ‘one
462 1825 640 1880 sciunt
697 1821 736 1879 l.
770 1840 864 1878 nec
900 1823 1087 1890 supina
1123 1819 1177 1877 6.
1215 1821 1260 1894 1⁶.
1292 1823 1464 1894 regula
1502 1841 1579 1878 ert
1615 1835 1665 1893 9.
1683 1816 1734 1896 ᾗ

110 1892 217 1948 sed
272 1892 385 1948 αέῖὶ
419 1907 468 1946 2.
503 1889 570 1962 ffl
608 1862 672 1947 εὖ
696 1891 848 1963 juris
884 1891 950 1954 &
968 1887 1122 1963 [αέῖἱ
1153 1892 1316 1964 ignor.
1355 1889 1512 1963 quale
1554 1893 1736 1960 procul

97 1961 282 2021 dubio
314 1961 749 2031 censeridebet,
778 1962 957 2031 quod,
994 1974 1056 2017 ut
1092 1960 1346 2017 omnibus
1401 1979 1463 2024 ac
1511 1962 1738 2038 singulis

109 2041 420 2090 innotescat
444 2074 458 2100 ‚
491 2031 703 2101 publice
738 2047 800 2087 ac
834 2029 1146 2089 solemniter
1201 2029 1601 2103 promulgatum
1637 2047 1737 2089 est.

108 2103 255 2161 Vide
275 2101 392 2161 Joh.
429 2119 462 2156 a
499 2099 682 2158 Sande
716 2100 781 2155 ds
811 2098 1050 2170 prohiblt.
1090 2100 1308 2156 alienat.
1342 2119 1462 2172 par.
1486 2119 1535 2156 2.
1555 2117 1664 2169 cap.
1695 2122 1736 2159 1.

107 2195 160 2228 n.
200 2188 256 2246 9.
305 2185 386 2244 19.
423 2171 561 2230 Ant.
602 2168 840 2230 Fabi-um
877 2169 999 2227 Cod.
1038 2167 1153 2226 libr.
1192 2168 1244 2228 5.
1281 2188 1322 2227 t.
1364 2167 1450 2232 53.
1488 2169 1648 2241 defin.
1692 2189 1738 2243 .¹·

106 2243 508 2302 Christinaeum
539 2241 642 2302 vol.
679 2237 733 2298 5.
768 2239 928 2297 decis.
970 2253 1089 2311 179.
1125 2262 1180 2297 n.
1218 2241 1315 2298 ule.

185 2330 268 2371 12.
306 2309 460 2371 Licet
485 2325 671 2369 autem
706 2311 940 2383 prodigis
965 2312 1379 2370 annumeranda
1397 2315 1510 2371 sint
1549 2312 1738 2370 mulie-

98 2403 201 2443 ·res
237 2383 511 2441 luxuriose.
549 2383 809 2451 viventes,
839 2385 920 2438 sic
955 2394 1019 2438 ut
1053 2373 1111 2441 81
1150 2382 1278 2451 ipsis
1315 2396 1529 2440 curator
1564 2385 1742 2454 detur,

107 2457 140 2508 l.
177 2453 247 2516 Θ
286 2453 500 2514 mulieri,
542 2451 623 2510 15.
656 2450 722 2521 ff?
754 2451 805 2508 b.
842 2470 884 2513 t.
921 2468 1033 2507 non
1072 2466 1254 2510 tamen
1295 2451 1423 2509 inde
1466 2449 1608 2511 reae
1646 2454 1740 2511 de-

102 2525 537 2594 dareris,2etiam
573 2521 861 2581 libidinose
894 2539 958 2577 ac
978 2523 1204 2591 turpiter
1225 2520 1555 2592 viventibus,
1584 2522 1745 2581 adeo-

107 2613 213 2664 que
240 2591 636 2662 meretricibus,
671 2604 950 2652 curatores
967 2591 1178 2649 dandos
1213 2610 1339 2649 esse.
1381 2589 1460 2649 Ut
1497 2595 1642 2650 enim
1679 2591 1743 2647 li-

109 2660 322 2730 bidinis
349 2682 491 2733 saepe
521 2680 702 2721 comes
735 2665 805 2720 sit
829 2660 1100 2719 bonorum
1132 2657 1371 2732 profusio
1387 2677 1548 2747 atque
1585 2661 1743 2721 luxu·

113 2740 235 2805 ria,
273 2754 354 2791 ac·
375 2734 494 2791 sine
529 2732 729 2794 Cerere
764 2736 819 2792 δι
856 2729 1061 2789 Libero
1095 2732 1346 2790 credatur
1404 2730 1597 2807 frigere
1636 2731 1744 2792 Ve-

101 2823 239 2875 -nus,
261 2822 376 2861 non
409 2820 598 2863 tamen
636 2805 689 2862 id
725 2814 1037 2873 perpetuum
1059 2814 1170 2871 est,
1191 2803 1529 2871 potissimum
1567 2802 1620 2860 id
1651 2799 1744 2858 Γω-

111 2877 280 2932 minis
299 2872 689 2943 meretricibus,
707 2893 819 2945 qun
855 2891 888 2929 a
922 2872 1179 2930 merendo
1214 2878 1290 2928 sic
1311 2872 1584 2942 appellatae
1605 2892 1744 2943 quat-

107 2960 256 3004 stum
290 2963 513 3013 corpore
549 2942 791 3002 faciunt:
830 2946 885 3003 &
906 2945 949 3001 si
989 2941 1281 3011 aliquando
1304 2946 1493 3001 vitium
1533 2958 1745 3021 utrum-

109 3035 215 3085 que
254 3032 540 3072 concurrat
563 3056 581 3085 ,
620 3032 731 3073 non
776 3026 966 3071 tamen
1003 3030 1215 3082 propter
1253 3014 1587 3092 meretricios
1623 3032 1742 3071 mo-

111 3106 232 3156 res,
265 3087 358 3144 sed
413 3099 630 3143 tantum
667 3098 882 3154 propter
937 3083 1211 3143 luxuriam
1257 3085 1328 3139 iis
1353 3082 1743 3156 comanam,

105 3171 337 3213 curator
373 3156 777 3214 constituendus
812 3151 974 3225 soret,
993 3150 1273 3213 Tufflenus
1308 3155 1392 3209 ad
1419 3155 1535 3212 με.
1555 3154 1620 3211 de
1650 3175 1741 3213 cu·

109 3245 216 3281 rat.
239 3223 444 3296 furiati
475 3246 530 3281 n.
566 3226 620 3283 6.
659 3223 897 3283 Pinellus
929 3223 1013 3280 ad
1037 3225 1079 3281 l.
1114 3222 1173 3292 4.
1212 3226 1269 3282 C.
1306 3224 1371 3281 de
1423 3223 1563 3283 bonis
1619 3247 1741 3302 tpa—

108 3299 273 3353 ιιι-πὶ»-
311 3314 455 3353 n.2o.
493 3296 561 3358 (θ’
596 3315 650 3352 re
681 3317 727 3367 q.
766 3293 948 3359 sande
980 3292 1047 3349 de
1076 3294 1271 3362 prohib.
1309 3298 1536 3354 alienat.
1556 3312 1666 3367 par.
1689 3313 1737 3352 2.

109 3383 222 3436 cap.
246 3383 298 3422 2.
336 3365 472 3423 Ant.
513 3316 804 3424 Mattsssaeus
836 3364 901 3419 de
937 3364 1117 3421 tutelis
1152 3363 1281 3436 disp.
1310 3365 1360 3423 5.
1397 3388 1452 3424 n.
1490 3385 1542 3425 2.
1583 3365 1742 3426 Adde

107 3456 145 3493 t.
189 3438 255 3492 dt
293 3433 611 3491 aleatoribus
648 3455 702 3491 n.
739 3433 791 3503 4.
829 3436 891 3491 in
917 3433 1040 3503 fine.
1267 3465 1318 3485 ..-

185 3512 212 3563 ι’
219 3503 270 3563 3.
309 3503 507 3567 Praeter
562 3502 819 3568 haRenus
868 3518 1210 3569 enunieratos
1242 3516 1550 3567 curatorem
1607 3510 1741 3567 reci·-

1792 363 1911 414 pter
1945 349 2185 416 corporis
2220 354 2418 402 vitium
2453 346 2605 407 rebus
2638 355 2747 407 suis
2778 368 3045 417 superesse
3101 368 3377 417 nequeunt
3403 398 3424 428 ,

1793 420 1848 476 ὃ(
1886 415 1958 474 ob
1995 418 2053 474 id
2097 416 2280 474 alieno
2317 415 2522 474 auxilio
2559 422 2616 477 in
2653 419 2808 477 rebus
2842 423 2951 476 suis
2987 438 3145 492 egere
3183 441 3419 481 noscun-

1789 503 1920 556 tur,
1954 486 2137 558 quales
2173 486 2362 557 surdi,
2393 488 2450 544 ὅ(
2486 496 2663 558 muti,
2697 493 2754 549 ὅ(
2789 490 2884 557 qui
2928 506 3190 558 perpetuo
3228 491 3422 550 morbo

1792 556 2087 628 laborant,
2122 550 2173 629 §.
2211 555 2309 610 sed
2332 570 2385 611 et
2422 575 2601 614 mente
2638 557 2690 628 4.
2732 559 2869 616 Inrt.
2906 558 2974 614 de
3008 581 3218 617 curator
3257 563 3291 616 l.
3331 562 3435 618 red

1792 645 1843 681 et
1878 629 2004 683 aliis
2044 642 2092 682 2.
2163 668 2177 682 .
2216 626 2266 681 b.
2305 642 2345 681 t.
2384 621 2604 754 &uibus
2640 645 2822 687 tamen
2860 645 2973 684 non
3013 630 3157 686 ultra
3197 641 3428 688 curator

1788 711 1889 754 suo
1941 697 2091 751 consi
2122 703 2174 753 io
2210 694 2293 751 vel
2330 713 2396 752 au
2454 705 2650 756 oritate
2684 712 2845 767 atque
2890 701 3102 755 auxilio
3156 705 3211 756 in
3265 700 3427 761 rebus

1791 767 2038 837 gerendis
2072 784 2226 834 opem
2268 762 2403 824 seret
2426 808 2443 838 ,
2477 787 2635 840 quam
2673 780 2934 841 quatenus
2974 767 3051 824 ilii
3086 789 3182 826 sua
3220 789 3376 841 agere
3418 814 3438 845 ,

1793 853 1954 903 atque
1991 835 2374 902 administrare
2407 836 2684 895 arbitratu
2741 855 2839 894 suo
2875 856 2965 905 per
3001 838 3136 895 iliud
3172 846 3427 908 corporis

1795 908 1988 962 vitium
2025 906 2273 974 impediti
2308 920 2471 975 sunt3
2507 926 2571 965 eo
2608 906 2716 966 fere
2751 906 2914 963 modo
2935 949 2953 979 ,
2986 926 3098 976 quo
3153 925 3433 971 curatores

1796 972 2010 1032 furiosis
2045 977 2161 1033 dati
2199 974 2440 1034 dilucida
2476 976 2773 1036 intervalla
2812 976 3139 1036 habentibus
3202 988 3431 1038 nomine

1794 1058 1950 1101 tenus
1987 1060 2201 1103 tantum
2236 1058 2508 1112 curatores
2541 1061 2880 1118 censentur,
2914 1048 3172 1120 quamdiu
3210 1069 3304 1120 per
3340 1053 3432 1108 in·-

1793 1113 2020 1171 tervassa
2059 1112 2343 1172 manifesta
2382 1114 2612 1176 furiosus
2647 1126 2758 1188 ipse
2791 1136 2888 1175 sua
2927 1116 3160 1176 trassane
3212 1134 3437 1193 potest„

1795 1185 1828 1239 Ι.
1863 1204 1987 1242 cum
2025 1185 2149 1241 aliis
2182 1183 2234 1240 6.
2272 1184 2392 1240 cod.
2430 1187 2496 1243 de
2532 1206 2773 1245 curatore
2792 1185 3013 1257 furiati.
3053 1188 3237 1261 Atque
3290 1189 3419 1249 hinc

1790 1267 1890 1325 est,
1926 1256 2068 1326 quod
2090 1258 2145 1315 &
2182 1253 2408 1325 ille,'qui
2444 1273 2624 1316 mutus
2658 1276 2726 1315 ac
2761 1260 2959 1317 surdus
2988 1274 3096 1331 est,
3130 1277 3229 1327 pro
3267 1261 3432 1320 here·-

1790 1324 1857 1380 de
1889 1343 2075 1397 gerere
2113 1332 2294 1395 possit,
2327 1329 2384 1386 ὃς
2414 1346 2573 1386 servo
2608 1327 2807 1399 iubere,
2826 1340 2888 1386 ut
2913 1331 2958 1386 is
2992 1331 3234 1387 delatam
3282 1331 3441 1390 here·

1789 1395 2018 1450 ditatem
2056 1396 2231 1465 adeat,
2269 1394 2353 1452 vel
2390 1409 2450 1456 ut
2485 1399 2643 1457 alteri
2680 1399 2970 1466 stipulanti
3009 1402 3331 1472 promittat,
3365 1405 3425 1462 ἀ

1793 1467 1871 1522 ita
1922 1484 1988 1523 ex
2026 1467 2271 1540 gestione
2302 1484 2403 1535 pro
2442 1465 2630 1528 herede
2664 1471 2750 1525 vel
2786 1471 2930 1541 quod
2987 1465 3127 1538 jussu
3176 1472 3439 1545 obligare

1792 1550 1908 1592 tum
1941 1535 2304 1594 creditoribus
2337 1535 2718 1608 hereditariis,
2755 1551 2872 1597 tum
2910 1541 2975 1595 iis
3011 1543 3069 1595 in
3107 1541 3305 1614 quibus
3352 1561 3422 1601 ex

1794 1604 1934 1675 iussu
1969 1607 2181 1663 domini
2217 1609 2536 1677 promissum
2569 1625 2667 1680 est,
2701 1603 2754 1681 §.
2776 1610 2875 1665 ult.
2916 1616 2972 1665 in
3006 1609 3113 1676 fine
3154 1607 3335 1671 Ins-tit.
3358 1613 3434 1670 de

1791 1675 1960 1752 bes-ed.
2000 1678 2185 1762 gualie.
2226 1692 2278 1731 et
2313 1677 2370 1730 di
2412 1696 2574 1734 erent.
2614 1682 2651 1737 Ι.
2692 1681 2928 1739 multum
2965 1678 3017 1734 5.
3039 1680 3074 1735 Ι.
3113 1695 3261 1747 pater
3311 1703 3444 1754 qao-

1793 1751 2053 1887 zicah-931.
2091 1742 2142 1821 §.
2173 1763 2291 1872 uba.
2346 1789 2387 1874 l:
2420 1748 2487 1804 de
2522 1753 2724 1823 acquir.
2764 1751 2853 1806 vel
2885 1751 3058 1806 omitt.
3088 1751 3274 1810 het-ed.
3315 1754 3351 1810 Ι.
3380 1773 3423 1818 1.
3466 1809 3497 1836 .

1822 1840 1865 1873 r.
1955 1860 1967 1873 .
2045 1837 2071 1871 e
2109 1838 2248 1878 ver..
2282 1841 2311 1875 o
2417 1859 2429 1874 .
3408 1857 3417 1866 «

1788 1832 1820 1888 p
1871 1886 1952 1955 14.
1995 1888 2139 1947 Deni
2180 1908 2244 1945 ue
2296 1839 2413 1946 subg
2446 1907 2577 1948 cura
2635 1886 2855 1950 fuerunt
2890 1891 3204 1970 antiquitus
3260 1889 3430 1963 etjam

1792 1974 2019 2028 corpora
2056 1978 2148 2016 ecc
2169 1961 2440 2031 esiastica,
2461 1958 2629 2016 veluti
2650 1963 3020 2029 monasteria;
3053 1963 3199 2033 quod
3234 1979 3426 2022 tamen

1791 2047 1942 2086 nunc
1979 2029 2120 2097 apud
2157 2048 2257 2085 nos
2290 2046 2511 2096 cessare,
2545 2043 2731 2087 monet
2757 2026 2919 2102 Hugo
2939 2030 3175 2089 Grotius
3196 2035 3431 2093 manud-

1796 2095 1878 2152 ad
1894 2098 2194 2171 jurisprud.
2230 2098 2377 2156 Holl.
2414 2097 2502 2156 lib.
2542 2119 2592 2157 1.
2631 2116 2745 2171 cap.
2783 2117 2868 2159 ιι.
2903 2116 3016 2172 port
3051 2122 3106 2157 n.
3142 2101 3194 2161 8.
3230 2123 3390 2170 versu
3418 2149 3441 2179 ‚

1797 2188 1908 2226 van
1942 2189 2077 2228 eutr.
3374 2193 3397 2213 ··

1874 2240 1956 2297 15.
1994 2239 2214 2299 Finitur
2248 2256 2378 2298 cura
2406 2240 2577 2297 variis
2612 2242 2824 2312 modis3
2862 2241 2923 2299 in
2962 2240 3179 2302 furiosis
3216 2248 3436 2314 quidem

1798 2312 1854 2368 δε
1892 2312 2042 2379 prodi
2087 2313 2130 2367 is
2167 2330 2265 2369 nec
2303 2327 2414 2367 non
2448 2317 2688 2381 corporis
2729 2317 2865 2370 vitio
2914 2312 2983 2370 ad
3036 2332 3133 2371 sua
3190 2319 3434 2389 gerenda

1799 2383 1977 2439 minus
2016 2384 2034 2435 i
2075 2383 2225 2439 oneis
2249 2423 2266 2450 ,
2303 2381 2694 2451 quamprimum
2728 2383 3036 2441 constiterit
3063 2425 3082 2454 ,
3115 2402 3207 2444 eos
3240 2390 3310 2445 ad
3347 2406 3439 2446 sa-

1803 2468 1932 2507 nam
1985 2466 2225 2510 mentem
2258 2469 2501 2508 moresve
2533 2470 2694 2509 sanos
2752 2454 3009 2523 rediisse,
3042 2466 3140 2511 aut
3192 2460 3443 2525 pristine
3494 2506 3499 2512 .

1802 2520 2203 2581 valetudini&
2257 2522 2566 2593 integritati
2624 2519 2784 2580 fuisse
2837 2541 2866 2578 r
2922 2528 3148 2596 titutos,
3198 2527 3441 2601 adeoque

1800 2609 2003 2650 cessare
2039 2591 2092 2648 id
2168 2606 2386 2661 propter
2422 2591 2563 2661 quod
2612 2595 2710 2661 ipsi
2764 2594 2873 2652 suis
2933 2593 3223 2667 invIgiiare
3277 2600 3434 2657 rebus

1802 2663 2047 2732 impediti
2088 2631 2344 2733 fuerant,
2378 2661 2674 2721 secundum
2709 2675 2840 2721 ante
2877 2661 3057 2724 dian:
3096 2670 3153 2722 in
3204 2673 3448 2727 minori-

1804 2731 1900 2790 bus
1938 2751 2065 2792 vero
2097 2731 2541 2807 majorennitate,
2564 2736 2680 2805 ἡαπ
2715 2751 2781 2790 ex
2820 2730 2935 2800 jure
2954 2733 3110 2791 civili
3146 2751 3229 2796 est
3249 2738 3441 2810 vigin-

1802 2808 1844 2858 ti
1877 2807 2117 2875 quinque
2155 2819 2427 2860 annorum
2465 2804 2522 2862 in
2559 2802 2811 2861 masculis
2845 2806 2901 2862 &
2938 2802 3223 2875 foeminis3
3257 2811 3343 2865 uti
3378 2815 3442 2873 ὸς

1804 2874 2008 2943 nuptiis
2044 2875 2337 2933 secundum
2375 2884 2588 2930 nostros
2623 2877 2679 2934 ἃ
2717 2872 2948 2929 aliorum
2995 2889 3173 2934 mores
3194 2898 3218 2943 ‚·
3248 2877 3442 2938 ‘adhaee

1802 2949 1958 3000 venia
1995 2946 2168 3001 aetatis
2204 2945 2532 3015 impetrata;
2572 2960 2681 3001 non
2718 2941 2827 3000 sola
2859 2943 3147 3033 dignitate
3179 2944 3437 3010 deflora-

1802 3012 1880 3078 113
1914 3013 1980 3071 de
2016 3012 2246 3084 quibus,
2284 3016 2363 3071 uti
2402 3015 2458 3073 &
2494 3017 2564 3075 de
2597 3027 3011 3087 controversus,
3040 3032 3110 3074 ea
3143 3022 3433 3083 occasione

1801 3086 1965 3156 natis,
2000 3085 2169 3149 etiam
2204 3079 2447 3152 respessu
2482 3087 2817 3144 variantium
2852 3096 3205 3158 statutorum,
3230 3091 3288 3149 δε
3322 3096 3430 3151 mi..

1793 3156 2065 3228 grationis
2098 3153 2166 3213 de
2202 3152 2324 3211 loco
2359 3155 2417 3211 in
2456 3153 2908 3224 locum,aiiisque
2942 3155 3206 3228 plurimis,
3244 3160 3427 3223 adium

1796 3239 1875 3282 est
1915 3244 1982 3285 ex
2054 3220 2266 3283 rofesso
2301 3229 2360 3280 in
2394 3241 2435 3281 t.
2471 3224 2536 3280 de
2570 3232 2746 3282 mino.
2786 3223 2871 3281 25.
2913 3228 3076 3283 annis
3112 3245 3168 3282 n.
3208 3244 3260 3283 2.
3297 3230 3421 3305 5.4.

1799 3294 1849 3352 5.
1869 3291 1922 3353 6.
1945 3310 1997 3370 7.
2017 3244 2069 3353 g
2089 3306 2143 3380 9
2175 3311 2254 3351 10.
2282 3311 2360 3351 11.
2395 3296 2453 3355 ἂ
2488 3311 2529 3351 t.
2565 3296 2630 3352 de
2665 3296 2922 3363 adoption.
2962 3316 3016 3352 η.
3061 3291 3144 3352 15.
3170 3294 3255 3362 14.
3286 3304 3369 3361 15.

1874 3365 1954 3424 16.
1994 3363 2227 3436 Reliqua
2261 3364 2330 3423 de
2365 3366 2706 3427 curatoribus
2760 3381 3048 3434 eorumque
3082 3362 3279 3430 officiis
3337 3393 3435 3443 pe.

1796 3438 1962 3495 tenda
1995 3455 2061 3495 ex
2099 3437 2166 3492 iis
2186 3475 2204 3504 ‚
2238 3452 2351 3505 quan=
2385 3436 2453 3497 de
2484 3435 2758 3499 tutoribus
2797 3436 2854 3493 in
2890 3434 2980 3497 boc
3027 3451 3080 3495 rt
3113 3440 3423 3506 praecedente

1799 3498 1936 3569 [ἰόνθ’
1968 3506 2169 3578 scripta
2203 3517 2371 3579 sunt„
