3971 5383
1321 271 1322 276 κ
1404 228 1506 294 De
1556 229 1712 292 Ritu
1758 225 2201 310 Nuptiarum.

3283 211 3443 289 δι’

173 301 266 387 erit
300 327 380 384 rit.
436 320 518 378 ad
545 322 579 379 Ῑ.
615 321 721 379 JuI.
758 301 824 379 de
859 319 1156 384 adulteriis.
1211 318 1441 379 Interim
1473 333 1603 376 vero
1637 317 1781 375 haud
1839 325 1919 378 ita
1952 335 2023 377 ex
2067 328 2273 376 statuto
2305 312 2639 386 majorennis
2691 312 2947 379 efficitur.
3003 311 3213 373 Confer
3264 312 3401 373 Abr.
3449 331 3484 370 a

175 395 551 470 ignorandum,
587 391 825 462 pini-ibus
861 396 920 448 in
955 391 1167 450 casibus
1199 387 1608 462 conjunaiones
1643 389 1784 460 illas,
1845 387 2045 448 Wesel
2080 389 2164 444 ad
2188 389 2422 445 novella,-
2454 389 2658 445 constit.
2698 385 2980 457 Ultrajecl.
3016 397 3124 441 art.
3170 379 3258 442 15.
3298 404 3354 441 n.
3401 400 3481 440 12.

176 487 276 540 que
310 466 470 521 initio
503 462 740 531 inspeuo
791 463 1005 534 nuptias
1052 462 1270 522 efficere
1320 478 1437 519 11011
1491 472 1744 531 poterant
1769 499 1788 529 ,
1843 457 1909 522 (ς
1928 479 2061 532 seqq.
2086 457 2155 523 (25
2173 457 2238 514 de
2257 457 2555 516 connubiali
2574 462 2818 514 societate
2838 455 2999 513 trabi.
3021 472 3070 512 2.
3089 475 3137 512 c.
3151 450 3206 513 5.
3228 475 3280 512 n.
3297 454 3479 513 25.26.

179 555 236 595 er
268 529 532 606 postfaEio
564 545 744 591 tamen
781 540 993 605 coepisse
1029 531 1267 607 legitima
1315 531 1667 606 matrimonia
1724 530 1783 585 in

178 606 400 663 futurum
437 606 664 664 censeri.
703 603 889 677 Nam,
938 610 983 662 si
1019 606 1163 661 inter
1177 619 1394 664 servum
1426 602 1784 668 &ancillam,

181 677 393 734 durante
426 672 609 754 servili
646 676 995 746 conditione,
1029 673 1454 736 contubernium
1490 669 1697 744 suisset,
1727 672 1782 730 81

177 748 226 799 in
260 766 318 805 ea
343 739 722 826 remunetione
753 758 879 816 post
909 747 1390 805 manumissionem
1421 747 1784 813 perseverare-

177 828 287 887 tur,
321 814 517 886 placuit
538 853 557 883 ,
607 827 778 884 justas
813 820 955 874 inter
990 820 1345 884 manumissos
1381 816 1600 884 nuptias
1632 832 1744 870 esse
1765 853 1782 883 ‚

177 886 207 941 l.
241 889 282 942 51'
298 904 447 944 serva
485 902 630 941 servo
655 882 742 959 59.
767 879 843 956 ffi
876 884 1093 956 dejure
1129 885 1232 945 dor.
1271 885 1545 943 Minorem
1579 901 1785 956 quoque

176 955 434 1013 duodecim
488 955 654 1013 annis
708 968 972 1027 nuptam,
1025 966 1157 1014 tunc
1206 957 1502 1030 legitimam
1556 971 1782 1013 uxorem

176 1021 278 1083 sore
304 1068 321 1097 ,
369 1038 494 1081 cum
530 1026 671 1094 apud
708 1026 886 1083 virum
918 1025 1213 1096 expleverit
1250 1043 1427 1085 annos
1462 1026 1742 1085 duodecim
1766 1068 1783 1097 ,

174 1092 482 1168 Pomponius
522 1093 710 1153 auEtor
745 1108 842 1168 est,
877 1097 914 1153 l.
951 1099 1206 1155 minorem
1240 1096 1294 1166 4.
1319 1095 1393 1166 ff.
1433 1096 1481 1153 b.
1503 1113 1544 1153 t.
1583 1094 1688 1153 Sed
1708 1098 1786 1167 81,

175 1170 213 1222 si
243 1179 425 1224 contra
461 1168 718 1224 mandata
738 1163 1048 1236 Principum
1081 1169 1422 1227 contraeium
1455 1168 1528 1225 sit
1565 1169 1623 1224 in
1661 1184 1784 1236 pro-

174 1237 343 1292 vincia
374 1238 784 1294 matrimonium
817 1243 1189 1296 consentiente
1222 1237 1467 1308 muliere,
1502 1253 1565 1294 ac
1585 1252 1648 1295 ea
1667 1251 1783 1306 post

173 1305 453 1389 depositum
488 1303 732 1364 officium
786 1307 847 1366 in
882 1310 1068 1367 eadem
1106 1308 1394 1368 voluntate
1458 1312 1748 1377 perstiterit
1769 1349 1784 1380 ,

171 1392 317 1446 justas
350 1374 495 1433 eft-ici
535 1383 787 1447 nuptias,
842 1396 1150 1447 responsum
1205 1397 1268 1435 ac
1308 1381 1624 1450 rescriptum
1659 1392 1740 1435 est
1766 1420 1783 1448 ,

172 1451 200 1500 l.
234 1445 294 1507 (15
328 1450 374 1504 si
407 1463 596 1503 contra
632 1447 684 1503 6.
724 1448 778 1503 C.
817 1446 867 1503 b.
906 1465 945 1504 t.
984 1470 1066 1504 eos
1103 1452 1194 1521 qui
1226 1448 1314 1508 65.
1370 1443 1515 1522 5.1.
1539 1442 1615 1517 ffi
1653 1448 1705 1504 h.
1742 1465 1782 1503 t.

170 1511 303 1573 Inter
336 1529 579 1580 tutorem
609 1520 794 1587 etiam,
831 1517 915 1576 vel
954 1516 1123 1575 filium
1157 1517 1288 1591 ejus,
1324 1521 1376 1578 81
1401 1517 1669 1589 quondam
1690 1537 1781 1587 pu-

167 1585 354 1671 pillam,
372 1590 465 1647 sed
506 1586 680 1644 adhuc
706 1594 1097 1660 minorennem‚
1133 1594 1348 1660 nuptias
1365 1586 1670 1646 contraiias
1689 1588 1785 1646 ob-

173 1661 324 1714 tinuit
360 1671 499 1716 tunc
535 1659 901 1714 convalituras
934 1678 1083 1731 esse,
1135 1678 1258 1718 cum
1294 1660 1514 1718 redditae
1549 1662 1787 1719 rationes

174 1725 379 1800 suerint,
414 1731 470 1786 &
513 1726 682 1783 talem
716 1728 919 1798 pupilla
956 1741 1164 1788 aetatem
1199 1731 1540 1800 impleverit,
1580 1744 1641 1789 ut
1662 1729 1784 1787 nul-

167 1794 475 1880 laoamplius
516 1797 769 1856 adversus
802 1800 1082 1856 rationum
1117 1802 1477 1874 redditionem
1514 1816 1582 1857 ex
1602 1805 1777 1883 capite

168 1870 602 1940 mmorennitatis
635 1871 979 1927 restitutione
1014 1878 1175 1940 possit
1209 1867 1403 1940 iuvari,
1438 1885 1551 1942 arg.
1586 1873 1785 1942 hfilius·

167 1953 368 2066 Ξέατνε
388 1941 474 1998 26.
515 1933 570 2011 5.
608 1942 655 1996 st'
688 1942 803 2012 quis
839 1961 896 1997 eo
931 1936 983 1995 5.
1007 1941 1082 2014 ff
1120 1941 1184 1998 de
1219 1941 1391 2000 liberis
1427 1941 1494 2004 (θ’
1527 1941 1782 2011 parthum.

269 2008 396 2084 haec,
429 2017 474 2067 si
516 2016 572 2067 in
609 2012 881 2070 senatorio
918 2027 945 2064 a
986 2030 1081 2072 ens
1116 2014 1307 2073 ordine
1345 2011 1656 2070 libertinam
1685 2010 1784 2067 ha-

167 2076 300 2137 beret
337 2096 592 2150 uxorem,
627 2083 873 2152 quamvis
909 2081 949 2136 il
973 2099 1006 2136 a
1042 2078 1152 2151 iure
1187 2087 1357 2140 veteri
1391 2098 1533 2141 uxor
1570 2084 1784 2141 interim

169 2165 267 2204 non
302 2164 633 2221 censeretur,
669 2166 850 2206 tamen
889 2152 947 2208 in
982 2169 1045 2207 ea
1079 2154 1394 2212 conditione
1430 2164 1583 2224 erat,
1619 2165 1701 2219 ut,
1737 2156 1782 2212 si

167 2222 408 2278 amisisset
445 2222 787 2294 dignitatem,
823 2219 918 2276 illa
955 2224 1211 2291 inciperet
1247 2240 1383 2280 111101·
1419 2240 1533 2279 esse
1554 2264 1573 2294 ,
1607 2224 1698 2296 leg.
1738 2227 1786 2278 ri

168 2291 270 2358 quis
304 2294 359 2346 in
395 2305 484 2362 27.
513 2291 583 2362 ff.
620 2289 671 2346 h.
707 2306 750 2348 t.
792 2288 1036 2358 Denique
1069 2310 1140 2349 ex
1174 2294 1581 2362 superveniente
1617 2293 1784 2363 patris

167 2357 542 2486 gaibabitione
577 2364 788 2431 nuptias
824 2363 882 2419 in
922 2359 1167 2423 futurum
1205 2363 1409 2421 firmari
1429 2406 1447 2436 ,
1504 2382 1662 2434 supra
1697 2364 1782 2422 di-

247 2445 297 2484 m
330 2447 430 2491 est.

221 2499 305 2569 4ο.
342 2499 578 2562 Εᾶὲᾶιις
614 2506 922 2570 nuptiarum
959 2500 1099 2562 reeie
1146 2504 1550 2564 contraflarum
1606 2504 1784 2574 plures

166 2585 317 2636 sunt;
351 2574 556 2630 etenim
583 2575 776 2629 mulier
794 2575 1031 2642 sequitur
1052 2578 1234 2632 mariti
1253 2576 1598 2648 dignitatem,
1633 2591 1777 2632 eam-

168 2657 254 2709 que
289 2645 490 2701 retinet
526 2642 653 2699 dum
691 2643 854 2700 vidua
887 2655 989 2714 est,
1025 2645 1319 2703 secundum
1352 2665 1434 2720 ea,
1473 2666 1586 2720 quae
1625 2645 1786 2704 latius

166 2713 352 2770 tradita
393 2716 477 2771 tit.
499 2711 563 2768 de
581 2713 916 2770 Senator-ibus
952 2737 1001 2768 n.
1024 2713 1076 2769 5.
1105 2713 1173 2776 (5
1193 2737 1323 2788 seqq.
1362 2716 1471 2774 Sed
1507 2722 1564 2778 6<
1603 2715 1783 2777 forum

165 2784 256 2836 viri
277 2825 295 2852 ,
332 2783 369 2838 Ι.
402 2797 518 2852 pen.
555 2780 618 2851 ffi
651 2783 717 2838 de
739 2783 1112 2854 jurisdmione
1130 2825 1146 2850 ,
1184 2786 1218 2842 l.
1257 2788 1354 2843 ult.
1394 2788 1447 2844 C.
1486 2788 1550 2842 de
1584 2788 1785 2856 incolis,

165 2851 379 2919 denique
414 2858 471 2912 &
507 2854 750 2924 domum,
785 2873 873 2914 seu
908 2854 1240 2913 domicilium
1273 2853 1404 2926 ejus,
1441 2857 1493 2913 d.
1534 2858 1569 2912 l.
1593 2858 1690 2916 ult.
1728 2859 1783 2912 C.

164 2920 218 2974 de
250 2925 452 2995 incolit,
489 2924 525 2980 Ι.
560 2928 752 3007 exigere
785 2921 873 2981 63.
1097 2925 1344 3000 judiciis,
1379 2929 1414 2983 l.
1439 2928 1712 2983 mulierem
1733 2923 1781 2982 3.

154 2989 216 3059 ff·
251 2994 296 3049 b.
319 3012 361 3050 ι’.
399 2994 435 3049 Ι.
473 3013 517 3050 1.
545 2988 605 3071 5.
645 3016 691 3050 st
728 2997 824 3053 ve'r.
872 2921 1165 3063 igtffdssead
1201 2998 1478 3055 Senatusc.
1516 3000 1783 3055 kilanian.

165 3060 308 3122 Adde
344 3068 432 3121 tit.
471 3062 535 3120 de
556 3063 786 3136 judiciis
822 3087 876 3123 n.
911 3066 1001 3139 95.
1040 3065 1105 3130 Θ
1147 3084 1261 3125 101.
1301 3065 1377 3126 Et
1412 3071 1658 3141 quamvis
1694 3086 1808 3139 per¹

167 3137 375 3203 nuptias
415 3134 525 3201 iure
560 3135 711 3192 civili
746 3136 976 3195 diremta
1013 3147 1123 3192 11011
1158 3136 1318 3195 fuerit
1338 3141 1513 3209 patria
1537 3152 1786 3209 potestas,

166 3219 271 3277 arg.
311 3205 344 3261 l.
376 3224 418 3263 ι.
457 3198 508 3280 5.
535 3206 631 3264 ult.
663 3201 731 3276 ffl
769 3205 833 3261 de
868 3207 1045 3267 liberis
1081 3207 1252 3265 exbib.
1293 3228 1390 3268 nec
1428 3222 1658 3277 potestas
1691 3229 1784 3265 cu·

166 3280 351 3332 ratoria
371 3274 614 3351 respeEtu
633 3278 1058 3357 minorennium,
1087 3281 1303 3349 nuptias
1320 3278 1785 3349 contrahentium,

164 3359 263 3415 arg.
300 3348 337 3401 Ι.
382 3365 427 3403 1.
464 3341 637 3424 54111.
676 3345 841 3415 111118.
879 3349 973 3423 leg.
1015 3365 1066 3405 2.
1100 3348 1163 3419 ffl
1202 3348 1266 3405 de
1301 3354 1488 3406 minor.
1528 3349 1617 3407 25.
1657 3369 1783 3406 ann.

166 3428 352 3473 nostris
405 3431 592 3476 tamen
647 3416 703 3476 81
757 3417 986 3475 aliorum
1023 3418 1263 3476 moribus
1295 3423 1632 3479 contrarium
1667 3418 1782 3490 pla-

168 3487 361 3559 cuisse,
396 3486 603 3547 dietum
642 3485 747 3545 fuit
780 3490 865 3545 tit.
902 3487 968 3545 de
1001 3487 1260 3559 adoption.
1296 3511 1446 3548 num.
1492 3488 1572 3549 15.
1608 3493 1661 3551 81
1699 3493 1783 3547 tit.

171 3553 227 3609 de
259 3562 443 3615 minor.
482 3557 582 3615 25:
607 3559 762 3615 anm'r
797 3578 851 3615 n.
886 3558 941 3617 6.
979 3557 1046 3622 Θ·
1082 3580 1217 3633 seqq.

225 3625 308 3696 41.
350 3625 591 3686 Maritus
624 3646 833 3701 queque
868 3632 998 3699 quin
1041 3626 1150 3699 jure
1183 3627 1328 3686 civili
1361 3627 1665 3689 maritalem
1688 3646 1786 3686 na-

167 3690 270 3753 tius
306 3696 468 3756 suerit
506 3712 826 3771 potestatem
863 3703 918 3757 in
955 3716 1178 3757 uxorem
1213 3717 1383 3771 suam,
1416 3700 1640 3761 dubium
1673 3716 1785 3757 non

166 3779 256 3836 est,
288 3788 398 3841 quae
435 3781 675 3841 potestas
710 3765 823 3839 jure
860 3773 1030 3829 veteri
1067 3788 1251 3841 parum
1281 3788 1311 3825 a
1331 3776 1504 3840 patria
1525 3770 1764 3831 distabat

166 3853 409 3905 quatenus
443 3859 538 3911 per
578 3842 796 3907 nuptias
820 3881 839 3913 ,
865 3839 1046 3899 *farre-
1066 3859 1157 3900 seu
1190 3839 1660 3911 confarreatione,
1696 3860 1762 3898 ve

166 3910 452 3971 coemtione
488 3907 797 3968 contrastas
851 3910 1047 3969 mulier
1081 3916 1139 3967 in
1175 3913 1362 3972 mariti
1398 3928 1620 3969 manum
1652 3927 1784 3968 con-

166 3978 420 4061 veniebat,
454 3981 523 4040 de
556 3979 747 4055 quibus
781 3952 1076 4045 Raevardus
1110 3980 1193 4036 ad
1218 3982 1256 4036 l.
1303 3999 1386 4038 12.
1423 3979 1593 4039 mbul.
1630 4002 1675 4038 c.
1698 3998 1782 4038 21.

169 4043 227 4107 (5
258 4048 373 4106 lebr.
391 4050 442 4122 4
483 4053 754 4111 variorum
789 4071 834 4107 c.
852 4050 906 4108 6.
947 4049 1019 4109 D.
1043 4050 1234 4111 Noodt
1267 4050 1614 4120 probabilium
1631 4051 1792 4109 lr'b.2.*

169 4130 268 4185 cap.
304 4133 355 4189 9.
409 4125 468 4179 in
505 4120 650 4181 med.
697 4120 806 4179 Sed
840 4135 1021 4179 tamen
1061 4123 1442 4200 impedimento
1478 4141 1590 4180 non
1625 4136 1746 4181 erat
1767 4165 1785 4193 ,

169 4202 263 4270 ‘¹¹⁸9
295 4192 471 4250 minus
507 4209 645 4249 uxor
681 4208 779 4263 pro
810 4211 866 4250 se
898 4203 1066 4251 staret
1103 4198 1159 4250 in
1200 4194 1422 4263 iudicio,
1455 4208 1517 4248 ac
1552 4210 1649 4249 suo
1675 4214 1785 4253 sese

167 4272 265 4314 suns
296 4278 362 4345 ex
387 4259 756 4327 contraaibus
773 4261 1040 4336 obligaret
1059 4261 1315 4330 arbitri03
1342 4264 1781 4333 quemadmodum

169 4342 261 4393 ¹¹²9
296 4333 469 4391 invita
505 4351 532 4388 r
599 4331 824 4389 ulariter
858 4351 923 4390 ex
949 4330 1620 4391 maritisuicontrafflbus
1636 4333 1779 4389 obli·

170 4396 383 4466 gabatur
437 4408 523 4460 tit.
605 4402 683 4458 od.
724 4422 791 4459 ne
824 4424 949 4461 uxor
964 4418 1051 4474 pro
1069 4407 1282 4474 marito,
1317 4404 1407 4461 vel
1437 4408 1665 4461 maritus
1699 4420 1786 4472 pre

170 4485 323 4548 {cxci-e.
378 4445 486 4533 ssed
523 4474 723 4532 nostris
765 4477 832 4533 ’ἀ
883 4472 1117 4537 aliorum
1151 4472 1390 4531 moribus
1425 4471 1784 4533 multifariam

171 4553 223 4592 tn
257 4540 360 4599 alia
395 4545 532 4602 itum
569 4540 711 4611 fuir:
765 4551 966 4603 etenim
1000 4563 1069 4603 ex
1107 4545 1310 4612 nuptiis
1344 4546 1569 4601 maritus
1605 4550 1784 4603 uxoris

173 4622 511 4694 Sua-curator
544 4610 797 4685 efficitur,
832 4614 1249 4690 Groenewegen
1287 4614 1370 4670 ad
1399 4615 1433 4672 l.
1453 4615 1540 4688 59.
1557 4608 1610 4691 §
1637 4633 1681 4671 1.
1718 4613 1780 4687 ff:

175 4675 232 4730 de
262 4700 375 4747 flere
406 4685 609 4742 dotium
628 4726 647 4757 ‚
703 4683 769 4747 Θ
806 4684 888 4740 ad
931 4686 985 4742 d.
1025 4704 1111 4743 21.
1150 4684 1266 4742 cod.
1314 4683 1378 4739 de
1410 4683 1779 4757 procurator-ib.

173 4754 370 4837 etiatqsi
423 4755 600 4814 adbuc
636 4767 790 4815 aetate
825 4755 1167 4814 minorennis
1218 4757 1290 4812 sit
1324 4774 1339 4821 ς
1379 4775 1446 4814 eo
1497 4756 1641 4828 quod
1695 4776 1784 4825 per

181 4833 387 4915 nuptias
417 4843 481 4886 er
516 4827 691 4900 patria
723 4842 789 4884 ac
822 4832 1094 4888 curatoria
1130 4827 1244 4886 exit
1281 4838 1546 4897 potestate
1566 4868 1584 4904 ‚
1620 4838 1783 4901 atque

1844 529 1963 609 Ipsa
2000 539 2164 603 vero,
2221 528 2369 588 velut
2405 531 2463 585 in
2497 531 2901 586 minorennium
2933 525 3157 584 classem
3213 522 3313 581 hoc
3366 526 3385 580 i
3422 543 3484 583 so

1842 600 2036 670 reJeua
2071 601 2156 672 (ut
2190 597 2392 659 dicium
2422 598 2592 657 rimie
2609 597 2867 667 adoption.
2887 617 2940 653 n.
2966 593 3052 655 15.
3092 599 3148 657 61
3188 610 3341 654 notat
3396 614 3484 654 ,u-

1841 689 1913 748 go
1931 669 2162 730 Grotius
2198 669 2422 729 manud.
2444 669 2524 727 ad
2522 665 2822 740 jurisprud.
2845 667 2989 724 Holl.
3007 664 3100 724 lib.
3134 685 3176 724 1.
3197 665 3297 745 25.
3312 663 3482 738 n.27.)

1843 741 2055 799 nullam
2089 741 2406 816 regulariter
2440 739 2607 797 habet
2642 754 2923 808 personam
2956 736 3139 795 standi
3174 737 3482 807 injudicio,

1846 812 1938 869 sed
1975 830 2073 884 pro
2106 813 2460 870 ea·maritum
2494 815 2550 870 &
2585 827 2742 883 agere
2774 820 3026 877 oportet,
3064 810 3119 865 &
3155 810 3482 877 conveniri,

1842 883 1909 942 de
1942 901 2051 954 quo
2084 901 2151 940 ex
2185 880 2420 952 professo
2469 881 2653 942 28111111
2690 878 2874 936 multis
2925 882 2982 935 in
3017 877 3101 933 tit.
3159 876 3225 932 de
3245 877 3479 949 judiciis

1845 971 1997 1009 num.
2045 951 2125 1020 14.
2172 953 2251 1011 15.
2297 952 2375 1011 16.
2424 967 2504 1023 17.
2551 950 2629 1008 18.
2676 963 2755 1022 19.

1913 1021 1998 1090 42.
2041 1021 2150 1081 Sed
2186 1040 2285 1081 nee
2321 1021 2695 1082 contrahendo
2732 1036 2867 1076 uxor
2904 1020 3019 1076 sine
3055 1019 3239 1074 mariti
3275 1016 3359 1074 sui
3379 1034 3479 1075 au-

1841 1090 2100 1152 ctoritate
2134 1095 2195 1152 in
2218 1091 2520 1152 Hossandia
2552 1096 2623 1150 δι’
2648 1088 2819 1147 Frisia
2853 1100 3019 1166 semet
3059 1091 3227 1157 ipsam
3262 1103 3353 1146 aut
3392 1091 3474 1143 vi-

1844 1180 1963 1221 rum
1995 1162 2238 1236 obligare
2271 1177 2482 1235 potest3
2536 1162 2670 1221 adeo
2703 1173 2764 1218 ut
2798 1176 2870 1218 ex
2908 1156 3209 1226 hujusmodi
3245 1169 3473 1215 contra·

1842 1231 2017 1294 &ibus
2053 1254 2223 1308 neque
2257 1237 2503 1306 maritus,
2539 1250 2708 1301 neque
2740 1248 2914 1301 uxor,
2949 1242 3133 1288 stante
3166 1241 3260 1286 aut
3296 1228 3476 1286 soluto

1843 1308 2193 1363 matrimonio
2246 1306 2530 1365 conveniri
2581 1313 2819 1375 queant,
2871 1299 2963 1358 sed
3018 1297 3333 1358 contraeas
3371 1301 3484 1370 ipso

1846 1373 1959 1443 iure
1995 1375 2177 1434 nullus
2212 1376 2303 1447 sit,
2340 1374 2521 1435 Sande
2556 1374 2710 1430 decit.
2736 1370 2918 1432 Frisic.
2953 1367 3044 1427 lib.
3085 1385 3146 1426 2.
3174 1374 3263 1427 tir.
3303 1368 3357 1439 4.
3395 1369 3481 1426 de·

1829 1445 1934 1518 fin.
1958 1440 2011 1500 5.
2051 1449 2109 1503 in
2145 1445 2282 1502 med.
2319 1444 2600 1506 Leeuwen
2636 1461 2773 1498 cem.
2777 1439 2890 1515 sbr.
2911 1456 3031 1510 par.
3059 1457 3102 1495 1.
3141 1438 3230 1496 lib.
3275 1457 3320 1496 1.
3358 1458 3404 1496 c.
3431 1456 3480 1511 7.

1843 1536 1895 1572 n.
1916 1515 1970 1571 6.
1989 1530 2039 1588 7.
2082 1515 2502 1589 Groenewegen
2543 1515 2684 1570 adl.
2723 1530 2773 1570 2.
2813 1513 2868 1568 C.
2907 1512 2968 1566 de
3003 1512 3059 1566 in
3095 1514 3279 1585 integr.
3318 1517 3482 1569 restit.

1844 1589 2032 1641 minor.
2073 1588 2305 1658 Contra,
2340 1604 2502 1658 quam
2525 1579 2816 1650 Ultrajeffl
2852 1581 3189 1648 observatur,
3222 1579 3315 1639 ubi
3354 1598 3475 1640 mu-

1845 1655 1944 1714 lier
1980 1656 2163 1729 vidua,
2201 1656 2285 1714 vel
2322 1657 2539 1715 heredes
2572 1654 2702 1725 ejus,
2737 1656 2792 1714 ὅ(
2813 1649 3190 1712 00111126ὶί11113
3246 1651 3476 1711 durante

1844 1728 2196 1786 matrimonio
2249 1732 2399 1786 initis
2451 1734 2570 1784 sine
2622 1726 2732 1780 viri
2768 1722 3129 1791 aneorum,
3187 1719 3482 1780 efficaciter

1851 1800 2135 1856 conveniri
2172 1812 2383 1870 potest,
2421 1815 2531 1855 non
2566 1797 2639 1856 ad
2673 1807 2868 1851 sortem
2906 1804 3121 1850 tanturn
3153 1832 3169 1860 ,
3196 1791 3286 1850 sed
3321 1793 3377 1851 ὅ(
3414 1794 3485 1850 ad

1843 1886 2051 1939 usuras„
2085 1887 2152 1928 ex
2188 1870 2555 1928 conventione
2591 1869 2889 1936 promissam,
2926 1864 3092 1923 etiam
3112 1867 3325 1922 ratione
3345 1872 3482 1919 tem-

1845 1940 1990 2006 poris
2025 1938 2184 2005 illius,
2219 1959 2328 2012 quo
2362 1939 2541 1998 adhuc
2575 1935 2754 1995 stabat
2771 1936 3208 2003 matrimonium,
3240 1934 3297 1992 &
3317 1936 3482 1991 sortis

1843 2010 2036 2079 petitio
2072 2011 2299 2068 necdum
2336 2015 2588 2080 permissa
2623 2021 2777 2074 erat,
2830 2011 2907 2062 sic
2958 2016 3021 2060 ut
3057 2002 3326 2076 obligatio
3362 2021 3478 2064 non

1847 2079 2076 2150 inutilis,
2111 2081 2204 2137 sed
2239 2092 2455 2138 tantum
2489 2096 2555 2140 ex
2590 2084 2798 2135 incerto
2830 2075 3169 2132 matrimonii
3206 2074 3481 2131 solutidie

1840 2152 2085 2209 executio
2136 2149 2249 2218 ejus
2281 2169 2537 2221 suspensa
2571 2147 2918 2219 intelligatur
2941 2187 2958 2215 ,
3017 2146 3161 2202 San.
3200 2145 3499 2218 Ultrajebl.-

1843 2221 1983 2278 rubr.
2024 2236 2109 2277 22.
2147 2235 2254 2276 art.
2290 2220 2343 2277 5.
2401 2216 2771 2281 Rodenburch
2807 2217 2873 2272 de
2896 2218 3030 2288 jure
3063 2213 3386 2290 conjugum,
3420 2220 3480 2274 in

1842 2293 2002 2349 traffl.
2038 2293 2311 2360 praelimin.
2351 2290 2416 2346 de
2450 2308 2773 2347 statutorum
2810 2288 3047 2344 diversit.
3084 2301 3197 2355 cap.
3229 2286 3329 2343 ult.
3360 2301 3476 2360 pag.

1849 2362 1979 2419 mibi
2026 2361 2139 2419 135.
2185 2361 2299 2432 187.
2356 2360 2695 2422 Αυᾶοεὶ121ἰ
2726 2372 2909 2416 autem
2945 2355 3109 2413 hodie
3145 2355 3340 2414 similis
3378 2355 3477 2413 ha-

1848 2433 2003 2491 betur
2041 2430 2356 2490 ratihabitio
2390 2430 2604 2498 mariti3
2641 2432 2725 2487 uti
2759 2436 2907 2487 enim
2942 2430 2998 2488 id
3037 2425 3197 2497 vulgo
3232 2444 3379 2485 nunc
3415 2433 3473 2486 in

1841 2503 2165 2563 au&oritate
2199 2500 2882 2571 tutorum.comprobatum
2903 2539 2920 2571 ,
2975 2499 3063 2555 ita
3093 2498 3251 2568 longe
3300 2501 3478 2572 magis

1845 2577 1900 2631 in
1939 2575 2141 2631 marito
2174 2574 2521 2632 statuendum
2554 2583 2687 2631 ‘estz
2745 2586 2909 2640 nam,
2962 2584 3087 2627 cum
3140 2571 3474 2638 potissimum

1843 2645 2029 2703 mariti
2064 2661 2305 2703 assensus
2340 2645 2684 2714 requiratur,
2737 2640 2969 2711 nequid
3003 2639 3316 2697 detrimenti
3369 2644 3477 2708 ipse

1846 2719 2048 2774 invitus
2082 2718 2304 2785 sentiat,
2343 2732 2451 2772 non
2493 2725 2666 2781 potest
2701 2728 2813 2769 non
2852 2713 3019 2770 videri
3056 2706 3300 2769 firmatus
3335 2728 3471 2767 con-
3530 2738 3539 2743 -

1843 2787 2080 2854 112823,
2115 2784 2186 2843 ab
2222 2803 2384 2844 uxore
2416 2783 2747 2853 celebratus,
2802 2781 2897 2841 ubi
2931 2781 2999 2839 de
3034 2785 3217 2836 mariti
3252 2796 3473 2839 assensu

1841 2870 2060 2918 constat
2087 2898 2105 2927 ,
2136 2872 2248 2929 arg.
2284 2856 2322 2913 l.
2362 2857 2458 2913 ult.
2499 2855 2551 2910 C.
2590 2853 2673 2910 ad
2701 2850 3147 2911 Senatmconrulc.
3178 2849 3467 2909 Macedon.

1845 2926 2028 2987 Sande
2064 2928 2218 2983 decis.
2255 2926 2437 2985 Frisic.
2479 2924 2569 2981 lib.
2606 2940 2655 2980 2.
2710 2928 2793 2979 tit.
2832 2922 2884 2993 4.
2940 2921 3096 3003 defin.
3132 2916 3184 2981 5.
3239 2924 3297 2977 in
3332 2922 3474 2977 med.

1846 2996 2009 3072 Hugo
2043 2998 2273 3057 Grotius
2309 2998 2445 3052 inter
2483 2997 2632 3065 Rei-p.
2668 2996 2856 3052 sut-irc.
2881 2993 3026 3051 Holt.
3063 3008 3174 3062 par.
3198 2987 3249 3048 3.
3288 2992 3386 3047 vol.
3424 3006 3475 3047 2.

1843 3071 2021 3126 consil.
2050 3066 2166 3141 146.
2204 3065 2578 3127 Rodenburch
2613 3064 2678 3120 de
2702 3067 2833 3136 jure
2870 3065 3151 3149 conjugum
3186 3065 3273 3119 tir.
3295 3076 3348 3119 2.
3370 3080 3470 3121 cd.

1842 3161 1896 3196 n.
1920 3155 2009 3197 21.
2033 3156 2118 3211 22.
2157 3139 2573 3210 Groenevegen
2612 3135 2689 3190 ad
2703 3139 2790 3193 tit.
2818 3134 2999 3191 Imttt.
3022 3135 3087 3191 de
3105 3133 3351 3191 audiam.
3372 3148 3475 3190 rut.

1844 3230 1896 3265 n.
1916 3205 1969 3266 3.
2010 3207 2197 3282 quue
2232 3213 2338 3265 niti
2373 3220 2551 3275 putem
2589 3203 2963 3274 fundamento,
2998 3204 3142 3277 quod
3176 3220 3207 3258 a
3264 3219 3476 3275 tagma-

1845 3282 1966 3337 ticis
2002 3282 2264 3353 scriptum
2300 3276 2434 3349 fuit,
2470 3291 2551 3333 sta
2620 3291 2675 3334 ta
2714 3281 2955 3334 vetantia
3029 3293 3099 3333 ne
3132 3290 3223 3333 11111
3250 3275 3327 3333 ier
3361 3274 3478 3330 sine

1845 3354 2023 3408 mariti
2060 3366 2274 3408 amensu
2307 3363 2499 3407 contra
2543 3361 2599 3404 at
2621 3390 2638 3419 ,
2673 3347 2740 3404 de
2773 3315 3144 3405 contrabibus
3176 3345 3476 3413 damnosis,

1845 3438 1958 3478 non
1996 3419 2276 3490 lucrativis
2310 3422 2368 3478 &
2403 3416 2625 3477 utilibus
2663 3416 2840 3474 intelli
2879 3417 3017 3477 enda
3052 3433 3182 3486 esse,
3217 3421 3274 3471 in
3307 3431 3477 3485 quan-

1847 3505 1962 3549 tum
1996 3491 2199 3550 scilicet
2237 3489 2406 3548 bonus
2441 3493 2661 3561 quisque
2695 3501 2848 3554 pater
2875 3485 3086 3545 amilias
3113 3482 3258 3543 haud
3278 3498 3479 3541 temere

1833 3572 2244 3631 aspernamus,
2275 3560 2367 3616 sed
2399 3563 2575 3630 magis
2609 3555 3002 3617 ratihabitione
3034 3574 3128 3613 sua
3165 3554 3475 3614 firmaturus

1842 3645 1918 3689 est
1945 3651 2013 3689 ne
2052 3632 2187 3703 otia,
2222 3630 2365 3688 unde
2401 3628 2503 3685 sibi
2523 3629 2863 3688 commodum
2883 3632 3089 3697 acquiri
3106 3623 3510 3695 deprehendim-

1843 3717 1935 3759 aut
1970 3704 1989 3758 i
2067 3720 2133 3760 eo
2168 3719 2256 3770 per
2293 3697 2648 3759 stoliditatem
2706 3698 2978 3769 quandam
3032 3696 3117 3759 vel
3172 3696 3476 3765 procaciam

1845 3769 2098 3844 faciente,
2135 3768 2295 3842 judex
2334 3769 2525 3826 saltem
2562 3767 2829 3840 perspefi‘ta
2856 3761 3480 3833 manssifestacontradlats

1843 3845 2107 3913 utilitate,
2140 3859 2289 3900 suam
2310 3850 2446 3896 esset
2467 3842 2879 3908 interpositurus
2899 3836 3298 3905 auetoritatem,
3320 3839 3375 3898 &r
3399 3837 3477 3891 ita

1842 3929 2161 3971 consensum
2195 3913 2382 3968 mariti
2418 3909 2757 3971 deiicientem
2792 3909 3146 3984 suppleturus·
3185 3906 3327 3971 Vide
3363 3904 3475 3965 Ar-

1841 3996 2135 4111 ffintraenm
2171 3980 2253 4037 ad
2262 3980 2561 4039 consuetud.
2583 3983 2828 4038 Britann.
2849 3998 2954 4041 art.
2972 3979 3099 4053 424.
3108 3979 3267 4055 gloss.
3298 3995 3342 4034 1.
3366 3971 3473 4032 n.5.

1950 4057 2263 4126 nsingerum
2299 4068 2430 4109 cent.
2466 4066 2515 4111 2.
2552 4050 2748 4109 observ.
2785 4047 2874 4122 54.
2910 4073 2965 4112 n.
3011 4068 3055 4108 1.
3092 4049 3476 4110 chassanaeum

1845 4146 1880 4178 a
1954 4138 2180 4182 consuet.
2218 4124 2323 4179 Bur
2362 4121 2484 4181 und.
2521 4122 2658 4181 mbr.
2738 4163 2749 4177 .
2786 4115 2929 4193 5.1.
2969 4139 3141 4193 versu,
3178 4118 3478 4178 contrallm

1842 4199 1976 4251 inter
2012 4198 2158 4255 vr'vor
2193 4213 2247 4248 n.
2285 4141 2369 4251 25.
2406 4192 2473 4255 (3
2512 4190 2596 4251 26.
2650 4192 2700 4249 C
2745 4194 3041 4255 ristinaeum
3074 4191 3157 4248 ad
3183 4190 3308 4265 leg.
3348 4187 3476 4242 Me-

1844 4263 2113 4323 cblt‘m’enr.
2148 4267 2233 4325 tit.
2255 4277 2307 4336 9.
2345 4280 2450 4327 art.
2488 4258 2540 4326 4.
2579 4284 2726 4318 num.
2753 4263 2834 4319 25.
2875 4262 3056 4322 Sande
3093 4261 3253 4321 decis.
3288 4258 3475 4317 Frisic.

1843 4334 1963 4395 libr.
1995 4352 2038 4389 2.
2076 4338 2161 4390 tit.
2201 4331 2255 4402 4.
2294 4331 2444 4401 defin.
2483 4330 2536 4399 4.
2574 4354 2627 4388 n.
2668 4332 2806 4390 med.
2844 4330 3217 4397 Rodenburch
3253 4329 3472 4401 dejure

1837 4406 2123 4480 conjugum
2157 4408 2242 4461 tit.
2281 4392 2335 4458 ὅ.
2376 4417 2484 4471 cap.
2528 4420 2571 4459 1.
2611 4423 2663 4460 n.
2702 4403 2786 4459 25.
2825 4407 2883 4461 in
2917 4404 3038 4475 fine.
3076 4402 3184 4467 Sed
3221 4400 3324 4458 etsi
3359 4415 3475 4455 ma-

1837 4481 1978 4539 ritus
2018 4493 2242 4545 praesens
2277 4488 2433 4541 atque
2468 4479 2671 4546 sciens,
2706 4490 2928 4532 uxorem
2964 4473 3288 4539 contrahere
3309 4512 3326 4541 ,
3363 4485 3472 4525 non

1844 4547 2257 4614 contradixerit,
2293 4545 2385 4601 sed
2422 4550 2651 4602 tacuerit
2678 4585 2696 4613 ,
2730 4547 2903 4619 magis
2939 4556 3018 4603 est
3056 4558 3117 4609 ut
3155 4555 3476 4603 consensum

1842 4616 1944 4672 hoc
1979 4633 2079 4675 suo
2113 4614 2331 4676 silentio
2364 4616 2568 4673 censeri
2603 4614 2795 4675 debeat
2834 4614 3089 4689 negotio,
3126 4631 3216 4684 per
3251 4626 3475 4672 uxorem

1841 4702 2013 4759 gesto,
2047 4685 2512 4754 accommodasse,
2546 4685 2835 4747 secundum
2871 4702 2958 4757 ea,
2993 4704 3106 4757 quae
3141 4689 3199 4747 &
3234 4678 3348 4749 iure
3384 4681 3473 4739 di-

1843 4762 1973 4813 vino
2006 4768 2165 4815 cauta
2203 4767 2372 4823 sunt,
2405 4753 2676 4813 Numeror.
2714 4770 2828 4826 cap.
2850 4751 2935 4815 50.
2973 4777 3104 4814 vers.
3139 4754 3194 4813 6.
3231 4750 3298 4816 Θ
3335 4769 3471 4822 seqq.

1839 4844 1952 4902 arg.
1992 4828 2087 4907 leg.
2126 4831 2172 4885 si
2204 4845 2263 4886 ut
2293 4827 2528 4901 proponis
2565 4824 2615 4885 5.
2672 4827 2727 4886 C.
2765 4825 2830 4884 de
2865 4829 3078 4899 nuptiis.
3132 4824 3297 4901 Quod
3329 4830 3476 4882 enim
