3971 5383
593 197 680 246 10

486 291 647 345 utque
683 269 764 329 nd
776 269 971 345 finem,
1008 267 1279 333 Henricus
1292 270 1566 334 Brouver
1601 273 1668 333 de
1689 276 1823 350 jure
1843 278 2119 336 connubio·

486 364 610 404 rum
648 342 697 398 d.
720 345 757 400 l.
785 363 830 401 1.
865 364 912 399 o.
935 343 1020 402 25.
1059 346 1129 403 ad
1165 343 1545 415 quaeleeiorem
1580 350 1960 407 remittendum
1995 369 2120 408 cen·

461 431 603 482 sec,
637 414 769 471 dum
826 416 965 482 quod
1003 415 1238 485 addam,
1278 436 1386 474 non
1425 425 1697 477 occurrit:
1739 420 1846 475 nisi
1885 414 2027 478 forte
2066 422 2121 478 id

485 499 662 542 unum
698 456 948 542 videatur
984 487 1314 544 monendum
1348 487 1591 545 dubitari
1627 491 1860 560 merim,
1896 508 1966 546 an
1992 509 2119 548 .non

491 553 599 609 Vir
655 552 746 613 ille
780 553 1115 613 doaissimus
1151 558 1207 612 in
1245 558 1460 617 erudito
1514 558 1617 615 hoc
1652 562 1718 619 de
1754 559 1873 630 jure
1907 579 2119 618 connu-

493 622 714 679 biorum
750 641 927 694 opere,
962 643 1028 681 ac
1050 628 1378 685 nominatim
1413 632 1476 685 in
1512 629 1562 684 d.
1580 647 1696 701 cap.
1720 630 1806 688 25.
1845 635 2012 689 nimis
2047 631 2119 689 ob

491 694 804 752 dirimenda
841 695 1111 762 sponsalia
1134 693 1311 754 facilis
1346 717 1410 754 ac
1449 719 1650 774 pronus
1686 703 1988 759 existimari
2024 705 2120 761 de-

669 765 797 822 dum
832 766 887 822 ὃ(
925 767 1001 834 ei,
1032 767 1119 822 cui
1155 783 1215 823 os
1250 786 1418 838 grave
1437 769 1549 827 olet
1582 788 1649 829 ex
1685 773 1924 838 corporis
1961 776 2119 844 vitio,

485 835 543 892 ὅ(
580 805 784 902 pbthisi
821 846 914 889 aut
954 834 1196 905 hydrope
1232 835 1549 910 laboranti,
1582 844 1637 900 δι
1674 841 1896 913 puella,
1933 847 2024 900 cui
2058 850 2117 901 in

486 906 642 963 vuitu
678 920 788 961 non
830 902 962 962 bene
996 904 1240 965 ohduaae
1293 927 1359 966 ex
1398 908 1617 968 vulnere
1652 925 1744 970 aut
1784 912 2004 970 variolis
2037 916 2116 970 ci·

484 972 729 1043 catrices,
765 975 822 1034 &
858 974 1039 1044 surd0,
1073 979 1129 1033 &
1164 981 1611 1046 caeco‚&claudo
1644 979 1854 1052 efficio,
1894 997 1988 1041 aut
2027 1002 2117 1052 pe-

488 1044 555 1101 de
591 1058 823 1102 manuve
861 1058 1112 1102 truncato
1134 1086 1153 1116 ,
1186 1051 1240 1107 &
1278 1047 1557 1107 homicidii
1593 1067 1855 1108 accusato
1908 1057 2005 1113 sed
2042 1054 2116 1110 ob

487 1110 773 1179 probatum
808 1114 1149 1174 moderamen
1182 1118 1467 1197 inculpata:
1507 1121 1685 1181 tutelae
1718 1095 1969 1180 absoluto
1990 1167 2006 1195 ,
2044 1128 2115 1182 si·

484 1181 828 1255 milibusque,
866 1186 1143 1252 repudium
1177 1203 1291 1256 Jure
1324 1192 1471 1246 mitti
1508 1194 1831 1261 contendit;
1868 1203 2016 1263 quasi
2050 1209 2117 1254 ex

492 1266 710 1312 mutato
743 1260 978 1324 corporis
1014 1253 1237 1327 habitu,
1272 1276 1337 1315 ac
1374 1257 1551 1319 forma
1586 1264 1794 1332 perdita
1817 1306 1836 1336 ,
1873 1280 2115 1324 mutatus

485 1325 651 1380 etiam
688 1335 848 1391 atque
884 1323 1154 1385 extinEius
1173 1346 1327 1386 amor
1342 1344 1496 1400 esset,
1530 1349 1594 1389 ac
1632 1351 1742 1390 non
1780 1338 1958 1392 omnis
1994 1353 2115 1394 sen-

488 1398 667 1450 tentia
702 1393 982 1453 absolutus
1014 1400 1179 1454 etiam
1214 1401 1460 1468 protinus
1494 1402 1705 1460 sceleris
1739 1423 1900 1473 purus
1934 1411 2114 1463 omni·

487 1479 563 1519 no
597 1465 686 1545 sit.
727 1462 869 1521 Cum
901 1467 1079 1534 potius
1112 1485 1181 1526 ex
1199 1471 1424 1528 adverso
1441 1474 1874 1540 perpendendum
1912 1479 2116 1548 veniat,

488 1550 604 1590 rem
641 1533 935 1602 judicatam
989 1556 1089 1605 pro
1126 1545 1349 1598 veritate
1388 1541 1573 1601 baberi
1596 1583 1616 1612 ,
1652 1561 1751 1601 nec
1786 1545 1853 1604 de
1886 1547 2117 1603 occultis

484 1603 762 1686 ,lud-icum,
790 1606 1069 1679 multoque
1104 1611 1284 1667 minus
1320 1613 1592 1678 privatam
1624 1631 1912 1683 sponsam,
1947 1615 2112 1674 debe-

486 1692 544 1754 re
583 1674 817 1738 iudicare
838 1716 855 1746 ,
891 1691 982 1733 aut
1037 1697 1099 1738 ea
1133 1697 1463 1752 supponere,
1495 1700 1722 1753 quorum
1776 1688 2115 1745 contrarium

488 1744 688 1813 judicio
739 1743 966 1829 solemni
1021 1753 1443 1828 pronunciatum
1475 1766 1600 1819 est3
1648 1768 1856 1812 castum
1907 1775 2117 1829 quoque

483 1829 726 1872 amorem
747 1831 1052 1872 animorum
1070 1818 1452 1887 commistione
1471 1822 1820 1883 constriaum
1858 1830 2114 1885 contine-

484 1889 568 1953 ri,
622 1890 726 1940 etsi
761 1902 823 1967 ea
858 1894 1277 1960 superveniant,
1332 1911 1444 1963 qua:
1480 1890 1552 1951 ab
1591 1896 1752 1951 initio
1803 1897 1872 1954 ad
1908 1910 2116 1954 castum

485 1972 598 2024 non
635 1969 930 2014 movissent
966 1965 1236 2019 amore'ui:
1274 1980 1373 2018 nec
1395 1979 1596 2021 novum
1653 1971 1781 2033 quin
1818 1969 1875 2025 &r
1911 1965 2113 2037 iustum

485 760 614 821 beat

483 2043 616 2093 esse,
651 2037 732 2095 ut,
765 2043 927 2096 quam
963 2029 1080 2096 quis
1112 2032 1272 2101 coepit
1304 2031 1542 2100 deperire

484 2387 553 2433 τε
588 2376 868 2432 consortio
902 2375 1298 2456 sibi-iunxerat
1333 2402 1399 2441 ex
1435 2398 1597 2440 voto.

560 2443 645 2502 16.
683 2439 849 2514 Quod
866 2452 911 2502 si
928 2453 1273 2520 mayorennis,
1308 2456 1397 2510 cui
1432 2455 1572 2523 apud
1608 2474 1708 2514 nos
1741 2463 1958 2528 nuptias
1993 2459 2111 2516 sine

486 2526 771 2585 parentum
805 2524 1069 2576 consensu
1103 2521 1428 2582 contrahere
1461 2531 1774 2594 permissum
1812 2542 1916 2600 est,
1952 2546 2109 2599 spon-

484 2585 620 2643 salia
655 2582 797 2646 clam
831 2587 1140 2656 parentibus
1177 2593 1383 2665 inierit,
1416 2609 1540 2652 eum
1572 2596 1773 2657 deinde
1804 2598 1878 2655 ob
1919 2616 2107 2667 paren·-

482 2670 598 2715 tnm
633 2659 932 2719 dissensum
965 2657 1173 2720 resilire
1207 2680 1358 2733 posse
1392 2682 1425 2721 a
1459 2665 1835 2739 sponsalibus,
1876 2668 2108 2727 laudau-

480 2728 713 2794 dumque
746 2732 1128 2811 magis,·quam
1160 2733 1683 2807 reprehendendum,
1712 2740 1852 2810 quod
1887 2739 2107 2798 clande-

480 2799 625 2854 stina
646 2800 974 2884 istiusmodi(
982 2803 1248 2870 sponsalia
1266 2806 1460 2863 invitis
1476 2806 1785 2875 parentibus
1815 2808 2108 2880 adimplere

479 2878 683 2924 recuset
707 2903 729 2933 ,
785 2888 935 2941 quasi
972 2871 1051 2926 ita
1101 2875 1316 2946 agendo
1348 2876 1658 2944 parentibus
1709 2874 1955 2936 debitum
1990 2877 2107 2950 jure

481 2939 591 3033 poli
631 2948 906 3006 praestaret
940 2936 1222 3015 honorem,
1255 2934 1467 3015 scripsit
1485 2945 1919 3022 Groenewegius
1955 2947 2040 3007 ad
2066 2951 2102 3007 l.

477 3027 528 3064 .).
568 3008 622 3063 C.
643 3006 691 3063 b.
714 3025 753 3063 t.
774 3029 826 3064 n.
847 3005 898 3067 3.
939 3006 1046 3068 Sed
1080 3028 1276 3071 contra
1309 3014 1381 3077 ab
1416 3016 1539 3073 aliis
1573 3035 1904 3091 responsum,
1943 3032 2105 3100 atque

479 3081 642 3160 etiam
680 3081 736 3136 in
774 3094 1028 3150 supremo
1048 3085 1333 3142 revisionis
1373 3084 1569 3154 iudicio
1603 3094 1658 3144 in
1698 3084 1997 3149 Hollandia
2020 3109 2102 3160 Ju-

476 3149 719 3206 dicatum
752 3162 852 3221 est,
890 3168 1003 3208 non
1038 3150 1295 3218 obstante
1317 3168 1602 3225 parentum
1637 3156 1896 3230 dissensu,
1930 3159 2102 3233 nnio·

480 3234 702 3277 rennem
752 3222 985 3283 omnino
1038 3225 1470 3294 compellendum
1519 3246 1631 3285 esse
1681 3228 1751 3285 ad
1786 3237 2101 3300 nuptiarum

476 3286 879 3356 implementum
899 3334 919 3364 ,
955 3293 1151 3352 Wesel
1186 3296 1271 3351 ad
1314 3295 1547 3353 novellas·
1583 3299 1972 3356 constitutiones
2011 3302 2101 3362 Ul·

473 3361 794 3430 :rajebiinar
829 3380 931 3420 art.
975 3360 1058 3430 14.
1095 3384 1147 3420 n.
1166 3361 1253 3425 86.
1291 3362 1571 3437 Responsa
1601 3369 1789 3428 Jurisc.
1816 3367 1966 3429 Holl.
1981 3386 2096 3439 par.

370 3432 380 3441 ⁰
470 3426 523 3497 4.
559 3432 737 3487 consil.
758 3426 879 3495 585.
915 3437 972 3489 in
1002 3434 1129 3505 fine,
1163 3437 1218 3494 ἃ
1254 3441 1484 3494 merito:
1516 3455 1640 3496 cum
1674 3441 1823 3495 enim
1857 3461 2099 3503 conven-

471 3500 554 3554 tio
590 3499 716 3557 talis
751 3502 1066 3569 sponsalitia
1120 3502 1234 3578 lege
1269 3506 1584 3575 municipali
1638 3507 1863 3576 probata
1900 3532 2094 3582 suppo-

469 3582 654 3640 natur,
686 3582 852 3642 atque
884 3574 965 3630 ita
999 3570 1391 3645 obligationem
1426 3578 1498 3635 ad
1520 3583 1737 3647 nuptias
1771 3597 1887 3649 Jure
1922 3590 2098 3651 patrio

465 3634 743 3724 efficacem
778 3643 1024 3710 inducat,
1057 3642 1347 3727 absurdum
1368 3645 1554 3732 fuerit:²
1590 3646 1745 3705 illam
1765 3649 1867 3708 sub
1901 3651 2097 3711 obten-

469 3722 530 3765 tu
564 3711 832 3770 dissensus
883 3726 1096 3783 paterni
1150 3718 1478 3784 maternive,
1534 3736 1592 3774 in
1630 3718 1848 3781 irritum
1901 3723 2094 3781 deduci

465 3783 625 3841 unius
654 3780 998 3864 :voluntatea
1031 3787 1210 3842 invita
1245 3800 1396 3854 parte
1448 3786 1628 3847 altera
1663 3791 1720 3848 ἃ
1756 3788 2093 3861 τεὶυᾶειπες

467 3851 571 3905 nisi
606 3854 721 3920 quis
755 3852 914 3911 simul
951 3866 1150 3921 Justum
1186 3868 1356 3928 putet,
1391 3872 1578 3915 omnes
1594 3859 1757 3916 etiam
1795 3858 1930 3919 alias
1960 3882 2093 3923 con·

465 3922 783 3990 ventiones‚
819 3923 966 3981 velut
999 3926 1299 3998 emtiones‚
1338 3928 1715 3999 venditiones,
1759 3927 2089 4005 locationes,

463 3988 877 4064 condustiones',
913 3997 1192 4055 societates
1244 3999 1349 4055 διε.
1385 4013 1418 4052 a
1453 3995 1768 4067 majorenne
1799 4001 2094 4071 celebratas

461 4065 578 4119 sine
615 4076 902 4131 parentum
937 4083 1244 4139 consensu,
1278 4069 1348 4127 ad
1384 4085 1475 4125 eas
1570 4066 1715 4128 haud
1753 4078 2092 4145 necessario,

459 4128 612 4197 eludi
645 4148 711 4191 ex
745 4150 848 4203 eo,
884 4136 1026 4208 quod
1061 4153 1211 4197 nunc
1245 4133 1419 4206 major
1465 4110 1557 4201 ille
1590 4139 1904 4206 parentibus
1936 4141 2089 4205 debi-

463 4216 583 4258 tum
616 4201 826 4259 scilicet
860 4202 1121 4266 exhibere
1156 4204 1454 4279 honorem,
1489 4208 1637 4266 nil-iil
1671 4227 1858 4268 eorum
1892 4211 2088 4272 volun-

455 4272 565 4331 tati
603 4272 888 4332 adversum
926 4294 1086 4347 agere
1123 4277 1183 4333 in
1222 4280 1463 4335 animum
1498 4279 1712 4337 induxit
1747 4296 1932 4350 suum3
1964 4301 2089 4339 cum

456 4347 640 4416 utique
675 4340 847 4413 maior
901 4364 998 4414 pro
1031 4346 1423 4415 sponsaliorum
1446 4391 1464 4420 ,
1520 4364 1680 4420 quam
1714 4350 2089 4413 contraauum

455 4413 687 4493 aliorum
721 4415 1066 4485 implemento
1086 4458 1104 4487 ,
1139 4419 1281 4473 ratio
1317 4419 1532 4476 militet.
1569 4414 1705 4487 Qua
1740 4432 2022 4493 tantopere
2055 4441 2088 4480 a

459 4489 590 4553 Juris
643 4485 858 4545 ratione
891 4488 1145 4547 recedant
1198 4488 1328 4545 satis
1365 4491 1424 4545 in
1461 4502 1646 4559 aperto
1679 4500 1759 4547 est
1784 4530 1802 4558 ,
1851 4491 1979 4553 dum
2014 4492 2086 4550 ab

454 4555 619 4611 initio
688 4557 868 4615 uidem
902 4554 1073 4614 libera
1111 4571 1341 4625 potestas
1376 4559 1574 4625 cuique
1605 4570 1686 4616 est
1723 4557 1959 4621 habendi
1997 4564 2082 4622 vel

458 4641 570 4682 non
607 4622 676 4683 ha
750 4626 844 4685 ndi
878 4626 1190 4687 contriaus
1214 4668 1232 4697 ,
1265 4629 1360 4686 sed
1396 4633 1719 4686 renunciare
1751 4631 1912 4693 semel
1946 4652 2084 4691 con-

452 4696 647 4755 stitutx
681 4694 1024 4770 obligationi,
1042 4700 1349 4755 adversario
1368 4713 1479 4753 non
1497 4704 1900 4777 consentiente,
1924 4722 2084 4764 nemo

453 4778 628 4836 potest
641 4769 700 4871 ἐ.
721 4770 855 4829 sicut
891 4770 1045 4832 iniria
1079 4765 1134 4829 5.
1171 4769 1225 4828 C.
1243 4766 1310 4826 de
1342 4765 1584 4847 abug-&⁶
1613 4769 1813 4833 aHion.

936 2096 948 2109 ⁶
1637 2051 1889 2109 rmosam,
1922 2042 2115 2109 cuique

485 2113 541 2151 se
574 2097 631 2156 ἃ
667 2111 790 2151 suos
822 2097 1036 2154 addixit
1070 2117 1310 2169 amores,
1365 2100 1522 2170 hujus
1553 2102 1864 2163 deformata
1899 2124 2113 2166 castam

481 2169 855 2234 sinceramque
900 2182 1187 2228 conservet
1238 2168 1574 2232 aflefflonem
1634 2176 1978 2244 maritalem,
2032 2182 2113 2236 uti

486 2236 657 2292 bonus
689 2236 912 2307 quisque
947 2237 1185 2297 vetulam
1205 2243 1261 2298 &
1294 2239 1521 2299 effintam
1539 2244 1758 2317 diligere
1794 2246 1938 2305 haud
1971 2248 2114 2308 desi-

485 2318 605 2373 nat,
640 2321 804 2372 quam
840 2313 1100 2366 virentem
1121 2308 1508 2384 florentemque
1540 2315 1688 2383 prius
1706 2317 1991 2377 individuo
2029 2321 2111 2377 vi-

1763 186 1904 249 Lib.
1955 186 2207 251 XXm.
2258 184 2385 252 Tit.
2436 185 2490 247 1.

2262 291 2343 348 ¹7·
2379 272 2647 348 Quamvis
2668 282 2859 334 ,autem
2890 269 3096 330 minoi-i
3133 268 3221 332 25.
3276 270 3438 328 annis
3470 281 3666 328 contra
3701 284 3826 328 ma·

2182 348 2511 405 trimonium
2546 361 2659 402 non
2696 339 3032 404 eustratium
3070 341 3217 399 haud
3246 342 3502 400 videatur
3539 339 3835 423 indulgen-

2184 418 2253 476 da
2292 416 2571 475 restitutio
2606 416 2663 474 in
2703 417 2972 485 integrum
2993 454 3012 484 ,
3045 415 3118 471 ad
3157 412 3546 482 resolutionem
3579 427 3695 480 ejus
3717 452 3738 482 ,
3767 425 3833 467 ut

2180 486 2510 546 dietum-tii.
2547 484 2612 542 de
2647 483 2887 542 mitiorib.
2925 483 3011 542 25.
3034 486 3191 539 annis
3230 497 3283 542 a.
3308 481 3397 550 45.
3431 495 3613 538 tamen
3649 497 3833 550 quan-

2181 569 2297 616 tum
2317 559 2386 616 ad
2424 555 2694 626 sponsalia
2727 555 2947 622 attinet,
2981 551 3278 610 minoribus
3299 551 3551 633 adversus
3566 567 3650 621 ea,
3682 552 3837 608 sicut

2179 629 2439 688 adversus
2475 626 2611 686 alios
2646 621 2953 692 contaetus
2988 625 3295 693 damnosos,
3331 622 3402 682 ob
3441 636 3602 690 justas
3633 638 3831 706 causas

2181 698 2461 756 subveniri
2495 702 2664 753 :etatis
2700 694 2922 766 auxilio,
2962 695 3122 766 idque
3159 691 3407 761 frequens
3440 710 3591 762 esse,
3624 689 3827 749 scribit

2180 766 2460 828 Leeuwen
2498 785 2635 822 cem.
2658 763 2769 835 fhr.
2802 780 2919 834 par.
2966 783 3011 820 1.
3050 762 3140 820 lib.
3184 782 3231 820 1.
3271 778 3385 832 cap.
3431 772 3509 819 11.
3547 782 3696 838 nuto.
3742 756 3831 818 15.

2181 837 2607 908 Groeneveegen
2646 834 2729 892 ad
2756 835 2791 891 l.
2837 853 2885 892 1.
2919 833 2978 890 C.
3018 833 3070 891 b.
3108 852 3146 889 t.
3186 837 3243 889 in
3263 832 3396 905 fine.
3607 901 3646 917 ..
3772 902 3790 917 ·

2256 904 2337 968 18.
2373 906 2635 966 Mutuum
2669 921 2985 964 consensum
3054 904 3162 962 uod
3181 908 3400 971 attinet,
3442 915 3470 958 a
3494 898 3672 960 dubiis
3690 919 3823 973 qui-¹

2175 980 2299 1037 dem
2333 976 2672 1048 sponsalibus
2713 994 2805 1043 per
2842 924 3284 1044 transaZiioneQ
3318 970 3499 1043 aliquo
3532 972 3703 1042 dato,
3741 991 3831 1029 re-

2175 1061 2350 1118 tento,
2380 1049 2472 1107 ,νεὶ
2507 1049 2771 1117 promisso
2804 1042 3005 1106 resiliri
3040 1063 3210 1114 posse,
3247 1045 3303 1102 in
3339 1044 3424 1099 tii.
3442 1038 3523 1124 ‚ile
3559 1043 3829 1112 trani-127.

2176 1139 2228 1174 n.
2274 1119 2357 1178 15.
2394 1120 2453 1175 ian
2475 1119 2614 1189 fiae,
2649 1121 2994 1182 observatum
3031 1129 3131 1174 est,
3170 1111 3279 1171 Sed
3312 1115 3369 1176 ὅ(
3407 1125 3620 1180 privata
3654 1128 3828 1182 spon-

2176 1188 2311 1246 salia
2328 1213 2369 1261 ,ν’
2388 1189 2617 1250 necdum
2650 1185 2936 1259 'publicata
2958 1221 2981 1253 ,
3014 1190 3267 1253 privatim
3300 1183 3491 1268 sponsi
3516 1199 3831 1268 sponsaeque

2175 1262 2230 1318 &
2267 1260 2640 1327 proximorum
2677 1277 2901 1316 assensu
2962 1254 3105 1312 velut
3163 1254 3310 1339 bona
3353 1266 3527 1335 gratia
3560 1251 3787 1310 dissolvi
3809 1295 3831 1325 ,

2176 1330 2398 1388 redditis
2432 1332 2700 1401 utrimque
2754 1327 2934 1387 arrhis
2967 1322 3330 1397 sponsalitiis,
3383 1342 3431 1379 si
3488 1338 3600 1392 que
3647 1323 3832 1391 dam,

2179 1415 2350 1468 neque
2385 1397 2697 1472 infrequens
2733 1400 2905 1471 καίεο,
2962 1415 3139 1469 neque
3170 1392 3377 1468 legibus
3428 1405 3524 1448 aut
3578 1392 3829 1478 moribus

2180 1465 2491 1530 Hollandiii
2527 1466 2875 1528 interdianum
2910 1479 3129 1538 apparet
3147 1483 3168 1534 3
3226 1478 3514 1548 utcumque
3548 1463 3824 1532 sponsalia

2178 1534 2285 1607 iam
2320 1545 2377 1596 in
2394 1545 2717 1608 scripturam
2734 1536 2949 1597 reda&
2968 1556 3032 1596 ex
3056 1532 3513 1595 contrabentium
3530 1547 3827 1605 consensu,

2175 1612 2229 1669 &
2267 1611 2566 1668 amicorum
2603 1608 2705 1668 fide
2737 1621 2899 1677 atque
2934 1607 3328 1689 subscriptione
3362 1601 3580 1687 firmata
3618 1620 3827 1689 ponas.

2175 1677 2439 1751 Quamvis
2473 1680 2621 1740 enim
2660 1681 2785 1739 inde
2817 1679 2887 1736 ad
2910 1685 3125 1745 nuptias
3144 1675 3418 1747 obligatio
3438 1688 3544 1740 jam
3565 1685 3703 1730 nata
3724 1691 3829 1742 sits

2176 1761 2358 1808 tamen
2393 1749 2623 1809 necdum
2659 1755 2828 1817 ipsum
2867 1751 3208 1804 matrimonii
3248 1741 3523 1816 vinculum
3542 1783 3564 1815 ,
3598 1756 3701 1802 aut
3738 1747 3825 1801 in·

2175 1820 2395 1880 dividua
2435 1826 2555 1876 vitae
2588 1818 2921 1878 consuetudo
2957 1821 3165 1889 existit,
3180 1818 3329 1874 dum
3347 1814 3689 1874 intercedere
3707 1813 3827 1886 plu-

2176 1892 2315 1946 rima
2352 1903 2612 1961 possunt,
2667 1905 2775 1961 quo
2810 1888 2991 1945 minus
3044 1889 3248 1957 nuptiae
3302 1901 3544 1956 unquam
3599 1900 3826 1940 contra-

2177 1960 2399 2027 bantur,
2436 1972 2499 2016 ut
2532 1958 2759 2027 proinde
2794 1957 2882 2015 hic
2916 1976 3028 2020 non
3061 1960 3297 2028 stringat
3321 1955 3478 2027 illud,
3515 1951 3827 2026 quosDeus

2172 2028 2476 2100 conjunxit,
2510 2027 2612 2085 hos
2645 2045 2754 2086 non
2789 2049 2903 2087 esse
2939 2047 3118 2086 rursus
3150 2026 3500 2110 separandos,
3537 2041 3650 2108 quo
3678 2021 3809 2082 fiin-

2172 2100 2426 2159 damento
2480 2103 2539 2154 in
2594 2100 2961 2157 contrariam:
2987 2103 3327 2157 sententiam.
3368 2111 3506 2152 itum
3562 2098 3827 2170 invenio·

2178 2167 2644 2239 Respons.lurisc.
2684 2165 2836 2225 Holl.
2869 2186 3009 2240 part.
3030 2163 3084 2237 4.
3121 2165 3300 2225 consil.
3334 2181 3422 2240 92.
3459 2165 3658 2237 quippe
3693 2183 3823 2247 cum

2175 2238 2431 2298 haetenus
2468 2239 2620 2296 nulla
2654 2240 2844 2298 divina
2879 2231 3227 2309 conjungito,
3281 2237 3371 2294 sed
3422 2234 3539 2316 sola
3574 2253 3820 2306 conjun-

2171 2307 2368 2368 &ionis
2401 2307 2593 2369 futurae
2629 2309 2906 2377 promissio
2942 2305 3319 2380 intercesserit,
3350 2323 3501 2374 cujus
3531 2304 3817 2364 vinculum

2169 2376 2286 2436 solo
2320 2397 2583 2438 consensu
2619 2393 2891 2450 constans,
2925 2379 3202 2436 contrario
3235 2395 3502 2434 consensu
3537 2394 3634 2433 cur
3668 2377 3811 2434 diri-

2171 2449 2247 2505 mi
2283 2467 2394 2505 non
2431 2462 2639 2535 posset,
2673 2452 2819 2507 ratio
2852 2447 3122 2506 sufficiens
3158 2465 3268 2504 non
3304 2459 3406 2515 est,
3436 2464 3500 2502 ar
3542 2487 3557 2502 .
3595 2444 3635 2504 l.
3672 2445 3816 2502 nibil

2170 2535 2288 2574 tam
2323 2522 2575 2577 naturale
2594 2519 2680 2577 05.
2714 2520 2783 2591 ff.
2819 2520 2883 2575 de
2901 2540 3002 2593 reg.
3028 2519 3199 2589 jutis,
3231 2512 3284 2592 §.
3322 2516 3422 2574 ult.
3490 2518 3642 2572 mtt’t.
3662 2513 3816 2587 quib.

2169 2589 2309 2647 mod.
2355 2587 2502 2664 oblig.
2544 2590 2767 2648 tollitur.
2825 2589 2961 2649 Ant.
3000 2585 3295 2646 Matthaeus
3347 2585 3411 2641 de
3463 2588 3811 2667 mat-timonio

2167 2659 2354 2730 disput.
2379 2655 2465 2717 15.
2480 2656 2615 2718 ibes.
2634 2658 2688 2730 4.
2727 2656 2890 2734 Quod
2927 2661 2975 2717 si
3010 2661 3188 2729 sponsi
3223 2671 3527 2729 sponsaeque
3583 2673 3674 2712 am
3710 2674 3808 2715 sua

2170 2735 2389 2788 nomina
2409 2731 2516 2788 illis
2534 2732 2806 2803 dederint,
2841 2730 3035 2802 quibus
3070 2749 3135 2789 ea
3170 2747 3301 2785 cura
3334 2728 3533 2786 deman
3608 2740 3663 2783 ta
3701 2742 3805 2799 est,

2166 2816 2228 2859 ut
2261 2803 2551 2859 secundum
2590 2799 2669 2869 ius
2704 2814 2952 2859 nostrum
2986 2797 3313 2857 Batavicum
3362 2796 3628 2882 solemnes
3666 2794 3803 2855 fiant

2164 2871 2608 2930 denunciationes
2641 2868 3060 2940 antenuptiales,
3095 2871 3332 2938 adeoque
3368 2866 3577 2935 publice
3609 2873 3798 2925 testati

2168 2939 2386 3008 fuerint,
2422 2938 2682 3015 fidemque
2714 2938 2973 3000 dederint
2993 2939 3062 2997 de
3086 2941 3437 2996 matrimonio
3469 2939 3796 3021 quantocius

2161 3009 2573 3081 contrahendo,
2611 3013 2788 3070 verius
2820 3023 2900 3070 est
2912 3053 2932 3083 ,
2966 3025 3079 3068 non
3116 3009 3225 3067 nisi
3258 3006 3476 3080 publico
3508 3023 3801 3079 magistra·

2161 3093 2248 3139 tus
2284 3098 2501 3138 assensu
2536 3079 2786 3139 adhibito
2843 3099 2997 3149 posse
3045 3098 3138 3150 per
3174 3092 3422 3138 mutuum
3474 3095 3797 3136 consensum

2160 3150 2343 3208 dirimi
2378 3150 2657 3209 vinculum
2690 3150 3085 3221 sponsaliorum
3110 3191 3128 3221 ,
3151 3162 3209 3207 ut
3246 3152 3321 3206 ita
3359 3144 3572 3217 publica
3605 3145 3795 3208 21180-

2162 3223 2325 3279 ritate
2357 3220 2705 3293 dissolvatur,
2739 3221 2883 3293 quod
2918 3237 3031 3279 non
3066 3218 3296 3290 amplius
3329 3220 3395 3279 in
3424 3220 3625 3302 privati
3659 3236 3794 3275 con-

2160 3309 2345 3351 sensus
2378 3291 2624 3349 terminis
2658 3289 2935 3362 substitit,
2984 3291 3078 3350 sed
3112 3288 3328 3360 publica
3367 3287 3695 3348 auEioritate
3729 3306 3795 3347 ac

2157 3359 2605 3437 comprobatione,
2638 3359 2912 3418 firmatum
2947 3358 3072 3432 fuit,
3107 3366 3379 3431 praemissa
3411 3356 3590 3430 aliqua
3625 3375 3798 3419 caus·

2157 3432 2489 3506 cognitione,
2522 3433 2668 3489 circa
2706 3447 2992 3503 parentum
3025 3448 3366 3498 consensum,
3402 3446 3517 3485 non
3554 3435 3795 3488 interce-

2155 3501 2288 3561 dens
2321 3499 2473 3559 aliud
2508 3504 2919 3561 matrimonium
2953 3514 3048 3559 aut
3084 3501 3193 3558 alia
3226 3497 3499 3571 sponsalia
3567 3515 3665 3559 aut
3700 3519 3793 3557 ar-

2156 3570 2301 3630 &am
2334 3573 2497 3629 nimis
2530 3578 2911 3647 cognationem
2943 3569 3359 3645 affinitatemve,
3392 3587 3455 3625 ac
3484 3539 3593 3626 alia
3614 3569 3701 3627 bis
3718 3575 3794 3628 si-

2157 3640 2326 3712 milia,
2360 3661 2473 3712 qua:
2508 3655 2721 3712 possent
2756 3644 2959 3714 nuptiis
2994 3641 3379 3709 impedimento
3411 3659 3543 3712 esse,
3578 3641 3638 3696 in
3658 3660 3795 3769 33!ae

2158 3713 2356 3785 inquiri
2392 3714 2557 3768 moris
2592 3727 2752 3783 atque
2784 3709 2917 3783 furis
2947 3725 3050 3782 est,
3085 3710 3277 3772 Poliri‘k
3296 3708 3506 3767 ordonn.
3528 3730 3639 3771 aaa
3766 3741 3793 3755 -

2156 3782 2308 3839 land.
2348 3802 2476 3838 ann.
2522 3780 2672 3840 1580.
2709 3799 2817 3839 art.
2854 3779 2907 3839 3.
2945 3783 3011 3844 ᾧ·
3054 3797 3136 3838 12.
3174 3780 3329 3837 Ecbt.
3369 3781 3645 3855 reglement
3682 3801 3793 3839 van

2153 3851 2216 3906 de
2250 3854 2440 3910 state»
2476 3850 2748 3909 Generaal
2783 3848 2861 3911 15.
2894 3854 3098 3909 Martii
3138 3849 3288 3909 1656.
3325 3868 3431 3907 art.
3475 3868 3557 3907 11.
3594 3851 3703 3908 vol.
3739 3868 3790 3908 2.

2149 3922 2327 3990 placit.
2363 3922 2507 3978 Holl.
2540 3938 2654 3997 pag.
2696 3918 2855 3992 2452.
2921 3918 3078 3981 Unde
3130 3925 3185 3980 ἃ
3240 3923 3656 3995 magistratuum
3709 3935 3790 3981 ea

2155 3995 2210 4050 in
2250 3992 2308 4050 id
2344 3991 2671 4067 incumbere,
2707 4011 2776 4051 ne
2814 3994 3042 4050 nimium
3074 3988 3353 4051 differatur
3372 3993 3790 4061 nuptiarumce—

2154 4060 2416 4135 lebratio,
2469 4062 2563 4120 ubi
2602 4062 2780 4123 nullus
2829 4064 2900 4122 ad
2932 4064 3378 4127 denunciationes
3412 4061 3790 4123 conti-adianr

2150 4134 2373 4203 existit,
2408 4134 2702 4193 secundum
2735 4135 2938 4192 tradita
2970 4131 3043 4189 ab
3076 4152 3184 4191 avo
3215 4152 3342 4194 meo
3396 4130 3793 4195 .m.Gisberto

2149 4201 2354 4262 Voetio
2385 4206 2442 4260 in
2470 4205 2684 4272 politica
2717 4203 3077 4262 ecclesiastica
3143 4222 3251 4262 art.
3279 4224 3298 4261 1
3312 4245 3326 4259 .
3346 4153 3435 4261 Kb.
3456 4200 3509 4259 5.
3546 4206 3710 4263 trab).
3740 4225 3784 4265 1.

2149 4276 2213 4330 Δι’
2247 4277 2587 4331 matrimonio
2621 4278 2744 4334 rell.
2783 4291 2833 4331 2.
2869 4290 2980 4344 cap.
2998 4272 3053 4333 6.
3087 4220 3211 4350 9,.2.
3248 4296 3303 4331 n.
3339 4273 3395 4332 6.
3432 4274 3592 4333 Adde
3626 4276 3787 4334 Ecbt.

2150 4344 2426 4419 reglemme'
2461 4365 2571 4404 van
2608 4345 2674 4401 de
2707 4348 2897 4402 Staren
2931 4344 3208 4402 Gener-ool
3244 4341 3324 4402 18.
3381 4345 3593 4401 Martii
3630 4345 3784 4406 1656.

2148 4433 2253 4473 art.
2288 4416 2374 4475 26.
2410 4416 2509 4473 vol.
2545 4430 2597 4471 2.
2630 4416 2810 4485 placit.
2860 4430 2975 4491 pag.
3009 4410 3172 4487 2454.
3225 4413 3383 4480 [dcet
3418 4428 3603 4477 autem
3638 4414 3784 4477 hunc

2148 4486 2207 4541 in
2241 4483 2634 4557 sponsaliorum
2668 4484 3082 4544 dissolutionem
3134 4501 3449 4549 consensum
3505 4502 3618 4543 non
3656 4506 3780 4559 pro-

2145 4558 2342 4614 miscue
2378 4556 2644 4628 nimisque
2681 4551 2840 4615 facile
2874 4558 3246 4636 magistratum
3266 4561 3605 4626 interponere
3622 4576 3781 4627 opor-

2144 4637 2276 4698 teat,
2309 4632 2439 4698 quin
2478 4640 2662 4683 tamen
2697 4626 2945 4685 evitandi
2979 4628 3198 4693 majoris
3233 4626 3365 4683 mali
3397 4644 3557 4685 causa
3585 4630 3643 4688 id
3662 4647 3781 4698 pos-

2141 4696 2626 4768 sit,1dubitandum
2663 4697 3024 4756 nonvidetur.
3062 4696 3213 4758 Nam
3232 4694 3601 4757 etsisanEium
3618 4718 3778 4770 spon-

2140 4767 2418 4845 saliorum,
2453 4780 2514 4828 ut
2551 4771 2733 4829 omnis
2764 4762 2983 4835 alterius
3019 4766 3143 4861 fidei
3177 4770 3335 4841 date,
3367 4767 3653 4839 vinculum
3685 4773 3778 4848 sit,
