3971 5383
1437 190 1543 253 ,De
1577 191 1731 251 Ritu
1765 146 2201 270 Nuptiarum.

105 286 165 358 ip
193 283 457 340 rationem
477 277 678 352 fratris·
707 282 957 350 pecunias·
989 282 1133 337 ratio
1149 281 1336 336 rororis·
1354 279 1609 351 rolvirm,
1637 280 1741 337 ad·
1769 275 1774 282 ’

307 358 458 423 quasi
495 353 811 420 interposito
842 353 1017 409 tacito
1049 362 1208 422 pacto
1235 350 1304 408 de
1343 367 1454 405 non
1491 350 1747 419 petendo,

109 373 751 483 &fideicommissum
783 418 948 480 finisse
978 431 1279 480 extinctum
1299 463 1316 492 ,
1351 434 1516 477 utcun
1555 442 1619 477 ue
1655 420 1744 475 hic

112 493 314 552 nullum
339 495 636 549 monstrari
651 494 815 562 possit
833 490 1040 551 sactum
1073 493 1273 549 sororis
1290 493 1500 561 proprie
1555 493 1746 557 ictum,

113 564 200 621 ssd
233 564 350 620 sola
389 565 612 618 omissio
643 562 931 637 allegandi:
967 565 1417 630 compensationis
1437 602 1454 628 ,
1509 578 1606 626 qua
1627 600 1646 630 ,
1699 563 1744 615 si

114 631 384 702 voluisset,
423 639 683 700 potuisset
717 639 819 703 uti,
858 633 893 691 Ι.
918 635 1134 690 Procula
1159 633 1241 689 16.
1275 633 1338 703 ff.
1377 630 1442 708 A!
1471 629 1675 698 probat.
1693 649 1740 684 et

114 719 404 829 ssaesumpt.
442 705 670 761 Certum
701 721 913 773 quoque
946 719 1027 760 est
1048 745 1068 775 ,
1100 720 1194 760 eos
1217 743 1239 773 ,
1259 703 1355 769 qui
1389 717 1471 769 jus
1500 701 1745 781 pignoris

120 926 254 970 mate
285 913 563 969 admoniti
597 911 846 982 publice,
881 911 1145 983 imisuum
1179 914 1393 969 executi
1442 929 1554 967 non
1589 924 1758 979 sunt;

123 981 241 1041 licet
279 981 372 1038 hic
408 985 581 1039 etiam
598 985 881 1041 omiserint
913 996 1138 1040 tantum
1153 982 1378 1051 aliquid,
1409 979 1618 1039 fastum
1637 1000 1760 1048 pro·

122 1058 226 1122 prie
259 1053 475 1110 dictum
512 1051 724 1109 nullum
761 1060 1196 1122 interposuerint,
1231 1057 1267 1107 l.
1289 1055 1337 1108 η’
1351 1071 1410 1106 ee
1439 1053 1552 1106 tid.
1591 1054 1635 1104 si
1673 1053 1758 1119 by·

119 1123 348 1192 pabecar
385 1125 440 1179 ὅ.
466 1124 521 1178 C.
557 1120 622 1177 de
651 1127 855 1179 femin.
891 1127 1082 1197 pigner.
1123 1122 1367 1190 Denique
1403 1141 1502 1176 nec
1538 1119 1762 1178 dubium

124 1191 215 1251 ulli
247 1213 366 1251 esse
404 1209 605 1261 potest,
638 1194 771 1264 quin
806 1199 1190 1264 simpiicissime
1207 1190 1562 1260 contrahens,
1599 1197 1764 1246 tacite

126 1281 326 1334 quoque
359 1277 555 1331 pactus
587 1262 925 1334 intelligatur
960 1266 1027 1322 de
1076 1264 1382 1334 praesmndis
1439 1261 1550 1316 illis
1584 1263 1764 1318 omni-

130 1332 234 1408 bus²
267 1353 385 1404 que
419 1351 490 1389 eit
531 1333 933 1406 talicontractu
968 1342 1201 1404 maseati
1215 1332 1408 1390 debere
1443 1330 1528 1388 lex
1551 1330 1764 1399 publica

133 1403 285 1474 iubet,
321 1410 537 1474 quoties
576 1401 718 1457 nihil
757 1407 1082 1460 nominatim
1115 1408 1174 1459 in
1189 1408 1528 1460 contrarium
1565 1419 1768 1459 conve·

132 1481 240 1542 πῆς
277 1476 457 1532 veluti
490 1486 550 1529 ut
585 1491 685 1541 pro
717 1473 928 1531 diversa
964 1487 1350 1532 contractuum
1381 1472 1646 1542 qualitate
1682 1469 1764 1526 vel

133 1544 296 1600 levem
333 1544 423 1601 vel
459 1544 800 1599 levissimam
834 1543 1046 1615 culpam
1067 1557 1297 1612 prestet,
1333 1557 1605 1614 utcunque
1624 1539 1768 1595 nihil

132 1614 192 1672 tie
217 1613 380 1684 culpa
413 1626 600 1670 actum
639 1629 909 1686 appareat,
943 1616 1195 1684 idemque
1220 1613 1290 1671 de
1319 1613 1532 1669 aliise'x
1572 1625 1767 1694 natura

133 1687 333 1758 negotii
370 1683 688 1755 praestandis
719 1701 1038 1742 consensum
1071 1699 1173 1755 est,
1197 1702 1316 1756 arg-
1351 1684 1394 1739 l.
1415 1703 1540 1741 cum
1571 1681 1770 1753 quido.

127 1752 192 1832 ff.
223 1756 289 1810 de
325 1756 435 1812 reb.
477 1753 706 1825 creditis,
741 1756 776 1809 l.
812 1756 951 1827 quod
963 1761 1010 1813 ri
1041 1759 1168 1813 ndis
1205 1753 1293 1812 51.
1312 1748 1364 1828 §.
1398 1758 1530 1825 quia
1550 1751 1769 1808 arridua

134 1842 212 1882 zo.
244 1824 312 1896 ff.
346 1824 415 1881 de
451 1824 633 1880 adilit.
670 1824 848 1882 edicto.
886 1824 1005 1885 Nec
1022 1841 1167 1885 reete
1183 1821 1622 1894 dixeris,exlege
1643 1835 1771 1879 tunc

137 1895 530 1968 obligationem
565 1901 713 1952 nasci
733 1913 751 1963 3
784 1913 910 1953 cum
941 1916 1010 1955 ex
1041 1910 1349 1968 contractu,
1387 1913 1496 1950 non
1533 1911 1598 1950 ex
1636 1893 1773 1964 lege,

140 1967 199 2024 ad
234 1985 299 2024 ea
337 1968 642 2034 praestanda
678 1971 823 2023 actio
854 1969 1030 2026 detur.
1073 1968 1189 2023 Pari
1224 1985 1354 2039 ergo
1389 1969 1608 2021 ratione
1640 1981 1772 2019 con—

139 2038 406 2094 trahentes
443 2038 852 2092 matrimonium
881 2037 1277 2106 simplicissime
1293 2042 1412 2094 sine
1447 2033 1573 2091 ullis
1608 2034 1776 2101 pactis

138 2111 406 2178 expressis,
442 2121 629 2164 tamen
663 2109 839 2186 tacite·
862 2106 1093 2181 intelligi
1127 2106 1328 2166 debent
1344 2124 1406 2162 ea
1440 2105 1626 2160 omnia
1643 2117 1776 2159 con-

138 2179 333 2235 tractui
368 2179 713 2233 matrimonii
748 2177 1035 2248 adjecisse,
1079 2195 1193 2248 quae
1230 2187 1285 2236 in
1340 2180 1775 2242 consequentiam

143 2250 478 2310 matrimonii
501 2246 615 2303 fieri
651 2260 918 2305 statutum
931 2250 1211 2321 domicilii,
1249 2248 1344 2304 ubi
1371 2250 1776 2301 matrimonium

143 2330 478 2375 contractum
513 2333 778 2388 censetur,
814 2318 1086 2391 definivit,
1121 2321 1358 2388 adeoque
1385 2319 1582 2386 etiam,
1614 2325 1672 2371 ut
1693 2331 1798 2380 eS·.

146 2400 216 2443 set
245 2393 582 2458 communio,
617 2387 714 2442 ubi
749 2391 834 2446 lex
869 2391 1013 2448 illius
1048 2390 1152 2447 loci
1171 2393 1310 2447 inter
1343 2382 1562 2448 effectus
1587 2385 1778 2439 matri-

147 2461 313 2513 monii
349 2460 798 2515 communionem
835 2463 1005 2532 ponit,
1048 2463 1126 2517 sic
1162 2459 1261 2532 fit,
1291 2473 1355 2517 ut
1391 2470 1607 2528 pactum
1643 2457 1777 2509 taci-

147 2539 278 2605 tum,
311 2541 532 2585 statuto
566 2524 865 2600 conforme,
901 2533 1119 2590 accedat
1139 2531 1503 2600 matrimonio,
1529 2546 1628 2582 ‘seu
1646 2539 1778 2581 con·-

149 2612 283 2671 yages
317 2598 617 2654 credantur
638 2615 691 2656 se
707 2603 874 2657 tacite
907 2604 1268 2669 composuisse
1281 2604 1350 2660 ad
1388 2614 1633 2657 nonnam
1663 2608 1770 2651 sta-

151 2669 248 2724 tuti
279 2671 369 2726 sui
390 2665 675 2737 domicilii,
709 2674 762 2728 δε
783 2673 909 2739 quia
946 2683 1099 2740 pacta
1121 2690 1368 2743 expressa
1405 2671 1623 2742 nuptias
1643 2683 1780 2724 con-

153 2738 511 2810 nabent-ium,
545 2740 734 2806 quibus
757 2743 808 2799 id
845 2744 1045 2813 agitur,
1079 2756 1138 2799 ut
1158 2746 1473 2799 anives-salit
1510 2745 1644 2797 inter
1661 2758 1780 2793 con—

147 2807 286 2882 juges
323 2811 627 2866 communio
663 2813 751 2881 rit,
783 2810 1031 2869 effectum
1068 2808 1292 2883 habent,
1326 2815 1372 2868 si
1409 2830 1520 2871 non
1556 2807 1782 2878 realem,

155 2891 201 2931 at
233 2879 431 2937 saltem
469 2882 816 2955 personalem,
847 2895 1113 2953 quantum
1148 2886 1218 2952 ad
1237 2894 1420 2939 omnes
1455 2902 1536 2939 res
1555 2878 1781 2940 ubicun-

155 2966 247 3019 que
279 2956 412 3006 sitas
435 2991 452 3021 ‚
489 2953 656 3007 etiam
697 2951 802 3008 iilis
837 2956 895 3009 in
934 2952 1098 3022 lociS,
1135 2958 1190 3008 in
1228 2953 1420 3023 quibus
1467 2951 1785 3008 communio

157 3019 248 3074 ills
275 3021 607 3078 universalis
642 3041 735 3093 per
769 3034 1028 3080 statutum
1066 3025 1284 3081 inducta
1327 3038 1436 3078 non
1470 3038 1572 3093 est,
1607 3020 1784 3075 simo-

164 3091 226 3146 do
260 3106 372 3146 non
416 3097 740 3149 nominatim
774 3096 844 3151 sit
863 3100 1107 3163 vetitum,
1143 3112 1263 3151 eam
1301 3106 1462 3163 pacto
1485 3094 1686 3159 induci,
1722 3104 1781 3145 ut

162 3162 212 3214 in
243 3162 605 3229 superioribus
640 3164 791 3222 velut
828 3163 907 3235 jus
940 3180 1154 3223 certum
1188 3180 1485 3221 assumtum
1523 3162 1664 3224 fuiti
1702 3165 1783 3215 ⁰¹·

163 3227 230 3285 hil
264 3235 435 3286 etiarn
471 3250 654 3289 revera
690 3236 890 3304 obstat,
920 3242 1209 3308 quominus
1258 3235 1506 3293 effictum
1559 3230 1786 3294 eundem

161 3301 320 3357 tacito
356 3300 490 3387 huic
519 3301 808 3378 coniugum
842 3320 1003 3375 pacto
1052 3321 1312 3378 quantum
1365 3306 1435 3363 ad
1490 3304 1633 3361 bona
1667 3299 1787 3358 ubi-

163 3386 358 3440 cunque
393 3386 500 3429 sita
540 3392 848 3432 asseramus.

227 3441 343 3499 Nec
379 3460 505 3500 cum
541 3449 752 3502 ratione
789 3451 1102 3519 regesseris,
1138 3446 1247 3506 haec
1297 3458 1456 3518 pacta
1509 3449 1676 3506 tacita
1713 3450 1790 3506 ita

168 3510 370 3569 denum
405 3518 758 3584 concipienda
796 3536 860 3573 ac
896 3517 1231 3576 admittenda
1266 3538 1407 3588 esse,
1443 3520 1486 3574 si
1522 3536 1644 3576 cum
1679 3532 1791 3575 sta-

169 3587 289 3665 tutis
323 3589 680 3657 conveniant,
715 3590 951 3657 adeoque
975 3602 1129 3656 pacta
1167 3589 1379 3657 quidem
1402 3590 1589 3661 tacita,
1621 3602 1791 3648 statu-

171 3660 234 3705 τις
265 3660 646 3713 convenientia
669 3700 685 3724 ,
724 3656 949 3714 influere
987 3659 1042 3712 in
1079 3673 1418 3716 contractum
1463 3661 1793 3727 nuptialem3

173 3721 250 3805 sud
287 3738 394 3804 non
430 3746 545 3783 esse
582 3730 882 3797 recipienda
918 3742 1178 3795 quantum
1196 3732 1262 3787 ad
1301 3750 1384 3787 res
1403 3728 1479 3784 ibi
1517 3732 1664 3803 sitaS,
1699 3730 1794 3788 ubi

174 3786 273 3847 alio
309 3810 416 3861 jure
437 3798 736 3877 immobilia
759 3813 1039 3872 reguntur,
1072 3801 1309 3871 adeoque
1328 3807 1523 3857 tacitas
1557 3820 1795 3858 conven-

176 3861 336 3918 tiones
367 3880 578 3926 statuto
612 3867 772 3926 alicui
809 3871 1110 3925 contrarias
1165 3889 1274 3927 non
1317 3870 1538 3929 influere
1575 3876 1629 3929 in
1666 3887 1796 3927 con-

179 3942 437 4015 tractum3
477 3957 662 3998 verum
700 3957 941 4008 expressa
970 3942 1193 3996 istorum
1228 3952 1556 3999 statutorum
1575 3944 1796 4012 deroga—

181 4011 319 4060 tione
352 4012 404 4064 ἂ
446 4012 865 4068 renunciatione
901 4025 1032 4067 tunc
1066 4029 1196 4081 opus
1231 4032 1375 4078 esse,
1412 4026 1470 4069 ut
1507 4018 1644 4069 vires
1680 4030 1798 4080 per—

179 4069 322 4149 dim.
363 4076 689 4152 Respondeo
722 4083 889 4145 enirn,
925 4080 1024 4138 hoc
1044 4088 1214 4151 ipsum
1251 4103 1383 4150 esse,
1418 4084 1484 4141 de
1519 4102 1625 4156 quo
1657 4101 1799 4151 qua-

186 4152 328 4218 ritur,
361 4150 596 4218 adeoque
634 4171 742 4209 non
765 4154 1154 4231 assumendum.
1177 4154 1266 4211 sed
1287 4153 1502 4222 probari
1522 4167 1798 4223 oportere:

185 4224 302 4266 mm
333 4236 455 4275 curn
489 4227 718 4291 expressi
754 4226 810 4282 Bt
849 4224 1003 4279 taciti
1041 4230 1093 4279 in
1137 4237 1249 4289 Jure
1288 4237 1472 4281 nostro
1494 4222 1802 4293 regulariter

183 4279 360 4342 eadem
397 4292 477 4347 vis
511 4295 602 4358 sit,
635 4300 798 4353 etiarn
837 4293 940 4349 illis
977 4296 1033 4348 in
1070 4293 1317 4367 casibus,
1353 4292 1444 4351 ubi
1502 4311 1598 4363 pro
1634 4291 1803 4349 forma

189 4360 460 4425 requiritur
494 4382 781 4421 consensus
817 4366 872 4422 ὅ(
929 4362 1227 4423 declaratio
1264 4364 1560 4422 voluntatis
1636 4363 1800 4418 veluti

93 4462 96 4469 ¹
127 4486 137 4497 ,
189 4440 450 4491 intentum
486 4430 556 4491 a'd
593 4439 808 4503 nuptias
825 4432 1116 4495 liberorum
1150 4431 1243 4506 (ut
1279 4450 1418 4506 patet
1438 4454 1502 4491 ex
1529 4406 1605 4505 ff
1645 4438 1709 4502 ri,
1748 4452 1801 4488 uc

95 4534 96 4543 κ
189 4505 416 4571 Proponit,
445 4518 600 4571 pater
635 4504 687 4562 5.
726 4505 779 4558 C.
818 4502 867 4561 b.
890 4523 926 4559 t.
1011 4548 1024 4562 .
1047 4504 1110 4562 de
1130 4509 1344 4577 nuptiir,
1378 4508 1435 4564 &
1464 4507 1534 4564 iis
1568 4522 1680 4574 qux
1716 4522 1804 4560 su-

195 4578 276 4630 pra
311 4590 359 4630 n.
392 4578 442 4631 ὅ.
486 4575 534 4630 b.
572 4592 610 4631 t.
649 4575 791 4634 ditia
827 4589 955 4632 sunt
1029 4594 1093 4633 ac
1148 4596 1258 4633 non
1295 4575 1640 4648 ambigatur,
1675 4574 1804 4643 quin

97 4674 103 4711 ι,
193 4650 337 4699 Pacta
368 4644 655 4719 conjugum
691 4662 932 4715 expressa
978 4666 1087 4704 sese
1121 4653 1396 4731 porrigant
1436 4647 1504 4702 ad
1541 4647 1683 4702 bona
1743 4662 1805 4699 o-

199 4714 351 4781 mnia,
385 4712 507 4772 licet
545 4734 609 4774 ex
645 4717 690 4775 le
728 4740 756 4775 e
784 4722 914 4775 situs
950 4725 1028 4774 sui
1066 4717 1173 4774 alio
1196 4737 1306 4789 Jure
1339 4720 1640 4781 censenda3
1675 4732 1807 4769 con·-

3256 125 3405 272 47x

1801 281 2042 350 expressi
2076 284 2132 339 ὅτ
2174 280 2331 336 taciti
2362 275 2515 336 idem
2540 272 2766 336 ,effictus
2801 290 2911 332 non
2929 287 3032 344 est,
3066 273 3213 334 hunc
3244 291 3467 347 quoqne

1805 348 2206 408 numerandum
2243 368 2372 409 esse.
2412 345 2525 405 Sed
2550 366 2629 405 me
2668 352 2723 401 in
2759 343 3084 403 sohasserti
3120 351 3271 405 istius
3291 362 3458 420 nega-

1806 425 1958 478 tione
2011 420 2315 491 subsistam,
2351 434 2540 478 verum
2576 434 2642 475 ex
2670 417 2904 476 „adverso
2934 417 3335 485 demonstrem,
3370 431 3473 482 taff*

1802 493 1971 547 citam
1988 497 2192 547 -statuti
2230 489 2454 560 alicuius
2490 491 2956 546 renunciationem
2986 486 3236 545 sufficere
3271 489 3338 545 ad
3379 489 3394 503 ‘

1802 577 1863 618 ut
1901 558 2037 618 illud
2071 561 2324 620 eflectum
2356 581 2473 618 non
2524 570 2770 626 exserat3
2828 558 3001 624 primo
3054 561 3273 629 quidem
3324 558 3365 614 il

1804 634 1948 689 inter
1977 648 2169 690 omnes
2198 645 2444 690 constare
2476 628 2714 688 arbitror
2734 670 2751 699 ,
2802 640 2960 695 pacto
2993 628 3161 685 dotali
3182 671 3198 700 ,
3234 645 3341 697 quo
3400 625 3462 683 id

1807 717 1987 760 actum
2020 715 2122 771 est,
2156 717 2217 757 ut
2238 708 2479 759 omnium
2514 720 2694 756 rerum
2716 705 2851 756 inter
2885 697 3126 773 conjuges
3161 702 3460 756 communio

188 771 392 831 bebant
429 774 488 828 in
525 790 642 830 rem
676 771 837 830 haste
854 771 1260 840 subjiciendam,
1285 777 1462 828 tacite
1496 787 1748 839 pissrium
1809 776 1906 844 rit,
1943 769 2051 840 vel,
2084 787 2149 829 ut
2185 774 2299 826 mla
2334 789 2629 843 quaettuum
2662 773 2799 825 inm
2835 769 3077 843 conjuges
3111 773 3181 825 sic
3214 789 3460 826 comma-

119 849 348 915 pignoris
373 841 478 898 hoc
513 845 905 910 ipson-misisse
937 861 1002 900 ac
1038 847 1294 912 amisisse,
1307 841 1454 913 quod
1473 857 1748 913 program-
1818 845 1940 907 nio,
1973 851 2203 911 statuta,
2235 844 2508 903 diversum
2532 844 2986 907 determinantia,
3026 842 3169 897 vires
3184 857 3308 899 suas
3342 859 3465 910 per-
3546 847 3555 852 ‘

1816 914 1940 970 dere
1975 929 2239 983 quantum
2273 914 2346 971 ad
2382 910 2680 970 immobilia
2718 910 2909 966 talium
2944 913 3328 978 paciscentium
3367 911 3465 967 bo-

1823 1000 1892 1038 na
1927 981 2233 1054 ubicunque
2250 985 2376 1055 sita,
2414 982 2539 1041 licet
2558 985 2885 1052 paciscentes
2908 983 3232 1036 nominatim
3256 979 3467 1039 nullam

1822 1067 1983 1120 pacto
2019 1054 2340 1110 inseruerint
2375 1056 2570 1112 statuti
2605 1051 2755 1108 aliud
2806 1047 3117 1110 definientis
3171 1054 3469 1110 renuncia-

1821 1126 2059 1180 tionem:
2090 1130 2351 1196 quo-ipso
2382 1129 2584 1182 corruit
2601 1122 2735 1178 satis
2770 1119 2904 1177 illud
2925 1137 3204 1193 assertum,
3240 1139 3350 1191 quo
3371 1141 3468 1180 ex-

1823 1209 1996 1262 pressa
2031 1197 2266 1265 exigitur
2301 1201 2490 1253 statuti
2526 1194 2888 1259 renunciatio,
2917 1207 2977 1249 ut
2997 1190 3132 1249 illud
3151 1207 3331 1250 cesset.
3351 1192 3469 1252 Sed

1823 1267 1877 1321 ὰ
1916 1263 2141 1320 ulterius
2173 1265 2445 1322 constabit
2480 1270 2728 1338 apertius,
2763 1261 2933 1319 tacita
2966 1280 3178 1332 quoque
3213 1279 3367 1334 pacta
3388 1260 3469 1321 ef·

1826 1330 2030 1390 fectum
2064 1334 2250 1390 sortiri
2286 1350 2478 1392 contra
2514 1347 2719 1392 statuta
2756 1331 3327 1403 aliterdisponentia,
3363 1331 3479 1391 sal-

1827 1418 1934 1461 tem
1965 1419 2231 1474 quantum
2249 1406 2320 1462 ad
2353 1405 2742 1478 obligationem
2765 1402 3134 1475 personalem;
3170 1406 3469 1463 secundum
3518 1431 3525 1438 ·

1825 1487 1954 1530 ante
1989 1475 2154 1541 dicta,
2189 1482 2303 1531 sine
2336 1494 2585 1547 expressa
2625 1474 3071 1545 renunciatione,
3105 1475 3150 1528 si
3187 1478 3471 1545 concipia-

1827 1559 1965 1613 mus,
1996 1557 2206 1602 statuto
2238 1545 2473 1615 dictari,
2512 1551 2651 1603 inter
2703 1541 2958 1615 conjuges
2994 1560 3354 1614 aequastunm
3412 1562 3474 1601 o·-

1825 1614 2037 1670 mnium
2076 1613 2383 1686 ubicunque
2417 1623 2647 1680 sitorum
2682 1618 2794 1671 sive
2832 1613 3117 1671 mobilium
3139 1616 3254 1672 sive
3274 1619 3473 1671 innno-

1831 1684 2023 1740 bilium
2058 1689 2498 1742 communionem
2554 1705 2689 1752 esse,
2728 1688 2939 1753 nuptias
2973 1701 3154 1743 autem
3191 1689 3310 1743 sine
3346 1684 3474 1743 ullis

1830 1756 2000 1821 pactis
2034 1754 2311 1811 dotalibus
2343 1773 2434 1826 per
2454 1757 2577 1813 talis
2614 1755 2874 1814 territorii
2911 1773 2978 1809 eo
2991 1752 3103 1825 jure
3123 1764 3327 1814 utentis
3345 1753 3475 1812 sub-

1834 1821 2772 1897 iectos,putaAntwerpienses,(ubi
2809 1823 2864 1880 id
2886 1821 3135 1884 obtinere
3175 1845 3333 1895 supra
3348 1843 3471 1882 mo-

1834 1899 2011 1951 nitum
2028 1898 2063 1968 )
2099 1891 2260 1952 fuisse
2297 1900 2478 1951 initas.
2520 1895 2668 1957 Nam
2706 1901 2784 1952 uti
2822 1893 2952 1951 illud
3008 1897 3316 1964 expeditum
3369 1909 3472 1966 est,

1833 1965 2154 2035 immobilia,
2190 1971 2246 2021 in
2284 1971 2561 2023 territorio
2596 1967 3011 2033 antwerpiensi
3048 1973 3147 2023 sita
3214 1965 3325 2036 ipso
3361 1964 3477 2034 jure

1833 2055 1922 2094 seu
1960 2041 2013 2088 vi
2045 2038 2256 2105 statuti,
2289 2054 2321 2091 a
2359 2035 2680 2110 conjugibus
2719 2043 2886 2093 tacite
2920 2051 3140 2105 compro
3180 2040 3253 2093 ati
3278 2063 3309 2107 ,¹
3332 2038 3475 2094 inter

1842 2104 2099 2178 conjuges
2136 2110 2447 2164 communia
2484 2127 2634 2175 esse-3
2675 2112 2749 2166 ita
2786 2123 2852 2162 ex
2888 2106 3112 2164 adverso
3166 2107 3302 2166 illud
3340 2125 3515 2178 quo-s

1833 2195 1934 2247 que
1969 2192 2179 2234 certum
2213 2190 2314 2246 est,
2349 2178 2539 2235 statuti
2577 2179 2722 2235 illius
2754 2176 2970 2236 efficias
2990 2179 3159 2235 reales
3196 2180 3262 2236 ad
3287 2183 3479 2233 immo-

1839 2247 1969 2304 bilia
2008 2260 2187 2304 stante
2219 2250 2574 2303 matrimonio
2606 2251 2843 2318 quaesita,
2883 2253 3089 2317 sitaque
3112 2249 3167 2303 in
3200 2249 3301 2303 tali
3340 2248 3479 2316 loce,

1837 2315 1930 2375 ubl
1964 2317 2138 2374 simile
2162 2316 2254 2385 ¹y'us
2290 2321 2433 2374 circa
2454 2333 2742 2388 acquestus
2780 2316 2921 2374 haud
2945 2325 2992 2371 vi
3033 2332 3105 2389 et,
3146 2338 3255 2374 non
3292 2333 3481 2376 exten-

1837 2390 1928 2446 di:
1966 2390 2058 2445 sed
2094 2393 2221 2460 quia
2238 2386 2491 2461 conjuges
2526 2391 2640 2445 sine
2666 2389 2844 2458 *pastis
2862 2336 3134 2445 dotalibus
3168 2391 3236 2446 ad
3262 2391 3480 2458 nuptias

1840 2470 2226 2526 processerunt,
2262 2461 2317 2517 δι’
2357 2462 2432 2513 ita
2454 2459 2859 2526 dispositionem
2892 2460 3090 2515 statuti
3118 2463 3198 2515 sui
3219 2458 3483 2514 domicilii

1842 2529 2007 2585 tacite
2041 2529 2271 2596 amplexi
2308 2545 2453 2597 sunt,
2490 2545 2554 2585 ex
2591 2536 2644 2587 vi
2667 2531 2824 2586 taciti
2862 2526 3134 2596 cujusdam
3174 2528 3312 2597 paffi
3336 2536 3480 2586 inter

1838 2618 1896 2655 se
1930 2612 2201 2666 coeperunt
2233 2597 2458 2674 obligati
2492 2617 2605 2656 esse
2639 2602 2708 2659 ad
2742 2618 2842 2657 con
2884 2602 3042 2655 uisita
3081 2601 3340 2655 territorii
3399 2598 3481 2654 al-

1841 2674 2022 2741 terius,
2054 2669 2165 2726 alio
2200 2666 2314 2739 jure
2348 2672 2594 2737 utentis,·
2630 2669 2852 2728 immobi
2876 2673 2927 2727 ia
2967 2669 3048 2729 vel
3083 2673 3142 2726 in
3178 2673 3357 2743 specie,
3396 2667 3481 2728 vel

1833 2737 2031 2800 saltem
2069 2743 2124 2796 in
2162 2743 2511 2799 aestimatione
2544 2742 3031 2809 communicanda5
3066 2759 3222 2807 prout
3264 2742 3321 2797 id
3360 2742 3479 2809 ipso

1841 2824 2050 2868 statuto
2085 2812 2503 2880 Antvverpiensi
2521 2819 2757 2877 superius
2779 2812 3016 2885 allegato
3033 2815 3115 2866 tit.
3138 2811 3224 2879 4¹·
3255 2828 3363 2866 art.
3387 2807 3476 2870 65.

1841 2881 1910 2944 l&
1940 2880 2028 2937 65.
2064 2884 2256 2940 diserte
2288 2897 2526 2943 cantum.
2567 2882 2659 2939 Sic
2683 2881 2762 2952 fit,
2796 2897 2857 2941 ut
2894 2884 3011 2939 sine
3028 2880 3267 2947 specifica
3306 2885 3362 2942 ὅτ
3383 2899 3486 2940 ex-

1843 2970 2017 3021 pressa
2040 2957 2231 3011 statuti
2250 2955 2661 3011 renunciatione
2693 2964 2789 3023 per'
2802 2953 2975 3012 solum
2998 2951 3208 3021 paRum
3231 2954 3483 3025 tacitum,

1843 3040 1909 3080 ex
1943 3021 2165 3081 alterius
2210 3025 2401 3081 statuti
2456 3024 2895 3092 comprobatione
2949 3030 3112 3079 tacita
3168 3025 3484 3095 inductum,

1844 3107 2047 3149 statuta
2084 3094 2410 3162 reliquorum
2449 3094 2686 3152 locorum
2746 3100 2882 3152 vires
2918 3096 3167 3164 patiant,
3203 3096 3343 3164 quod
3381 3095 3477 3151 de—

1846 3167 2253 3222 monstrandum
2286 3181 2421 3223 erat.
2461 3164 2566 3223 Sed
2604 3170 2655 3223 ἃ
2678 3164 2835 3223 simul
2871 3180 2935 3221 ex
2959 3164 3104 3223 hisce
3124 3179 3360 3241 apparet,
3393 3182 3483 3220 ve-

1845 3253 1963 3291 rum
2004 3253 2115 3292 non
2136 3254 2264 3309 esse,
2282 3238 2425 3307 quod
2442 3235 2776 3305 obtenditur,
2794 3250 3095 3304 expressam
3118 3236 3175 3290 in
3199 3247 3488 3292 contractu

1845 3324 1900 3362 re
1979 3307 2044 3361 iri
2082 3305 2399 3364 relationem
2436 3307 2503 3364 ad
2540 3320 2842 3375 statutum,
2881 3304 2950 3363 ad
2990 3306 3043 3362 id
3071 3348 3086 3375 ,
3121 3319 3183 3362 ut
3221 3320 3488 3363 statutum

1851 3378 1905 3432 in
1932 3390 2104 3434 ormet
2121 3390 2478 3446 contractum,
2516 3378 2647 3448 quin
2669 3391 2858 3433 contra
2879 3372 3141 3444 sufficere,
3176 3377 3319 3450 quod
3344 3378 3491 3431 Ant·

1850 3449 2179 3516 verpienses
2213 3447 2364 3506 nullo
2401 3463 2560 3516 pacto
2610 3447 2783 3505 dotali
2837 3451 3182 3503 contrarium
3236 3447 3491 3502 caverint

1848 3515 1978 3587 eius,
2011 3522 2151 3589 quod
2183 3530 2388 3577 statuto
2423 3530 2642 3576 cautum
2662 3534 2756 3574 est.
2800 3516 2963 3591 Quod
2983 3523 3025 3572 si
3065 3521 3181 3587 quis
3201 3514 3341 3573 hisce
3364 3524 3490 3574 nec·-

1849 3588 1979 3644 dum
2015 3603 2076 3644 ac
2114 3589 2458 3647 uiescendum
2494 3587 2805 3655 arbitretur,
2840 3588 2930 3645 sed
2966 3587 3190 3645 ulterius
3222 3587 3491 3655 excipiat,

1857 3660 2025 3725 ipsum
2062 3658 2193 3715 ilud
2229 3670 2489 3717 statutum
2544 3660 2974 3728 Antwerpiense
2998 3700 3015 3729 ‚
3068 3663 3124 3718 ὅτ
3173 3662 3215 3714 si
3251 3659 3392 3727 quod
3427 3663 3495 3714 sit

1855 3729 1999 3784 aliud
2036 3728 2226 3794 simile,
2263 3748 2360 3798 pro
2377 3733 2482 3787 suis
2500 3729 2753 3801 subjectis
2776 3730 2945 3786 rideri
2975 3731 3243 3801 pepigisse,
3279 3731 3333 3786 ἃ
3356 3727 3496 3783 alio-

1857 3814 1973 3854 rum
2011 3798 2249 3857 locorum
2284 3804 2567 3859 renuncies
2593 3822 2622 3857 e
2658 3803 2895 3872 statutis,
2931 3799 3059 3856 dum
3079 3817 3321 3869 expresse
3356 3797 3495 3856 defi-

1860 3874 2022 3939 nivit,
2057 3875 2239 3928 omnia
2278 3875 2597 3937 conquisita,
2633 3869 2940 3942 ubicunque
2970 3885 3207 3940 reperta,
3243 3883 3493 3939 oportere

1857 3944 2164 3997 communia
2199 3960 2329 4012 esse,
2364 3959 2425 3995 ac
2462 3938 2547 3999 vel
2585 3945 2640 3996 in
2663 3945 2841 4011 specie,
2882 3938 2964 3995 vel
2985 3942 3144 3998 insui
3182 3942 3496 3997 aestimatio-

1860 4028 1928 4067 ne
1959 4013 2370 4083 communicari,
2407 4011 2609 4080 quoties
2646 4012 2762 4085 lege
2778 4012 2914 4070 situs
2949 4012 3284 4079 quorundam
3304 4013 3499 4066 immo-

1861 4081 2054 4140 bilium
2091 4079 2238 4139 aluid
2272 4087 2414 4138 circa
2451 4096 2743 4155 acquaestus
2762 4082 3077 4153 dispositum
3111 4097 3225 4150 est3
3261 4093 3317 4136 at
3358 4078 3500 4137 nihil

1862 4154 1970 4211 tale
2007 4153 2065 4208 in
2109 4148 2408 4209 Hollandia
2448 4152 2683 4208 inveniri
2737 4140 3129 4210 constitutum¹:
3189 4168 3500 4221 responsum

1864 4223 2080 4291 habeat,
2117 4223 2192 4292 id,
2227 4224 2365 4292 quod
2386 4234 2591 4278 statuto
2611 4238 2721 4280 uno
2755 4222 3027 4292 alteroque
3046 4224 3236 4281 diserte
3266 4240 3331 4279 ac
3353 4222 3502 4278 salva

1863 4295 2070 4365 justitia
2106 4306 2324 4350 cautum
2358 4307 2457 4360 est,
2495 4298 2547 4347 in
2588 4292 2801 4361 reliquis
2817 4295 3034 4349 statutis
3053 4293 3348 4362 simplicius
3366 4312 3499 4349 con-

1863 4366 2054 4434 ceptis,
2090 4377 2184 4419 aut
2220 4366 2531 4433 simpliciter
2551 4362 2908 4421 unitersalem
2943 4370 3379 4419 communionem
3400 4381 3491 4429 per

1868 4439 2079 4503 nuptias
2114 4433 2516 4502 inducentibus,
2555 4452 2618 4488 ac
2654 4439 2909 4500 praecipue
2946 4437 3000 4488 in
3040 4446 3252 4490 statuto
3274 4430 3501 4490 Hollan·

1864 4508 2013 4572 dico,
2049 4522 2157 4560 non
2194 4509 2387 4572 scripta
2422 4504 2603 4571 aliqua
2642 4504 2756 4572 lege
2796 4499 3146 4573 Hollandica,
3181 4503 3275 4560 sed
3313 4511 3501 4560 imme-

1865 4573 2077 4631 moriali
2114 4573 2291 4642 populi
2330 4593 2425 4632 usu
2449 4575 2691 4644 inducto,
2727 4571 3157 4629 subaudiendum
3192 4593 3338 4632 esse:
3374 4576 3505 4631 dum

1867 4657 2101 4713 constat,
2136 4643 2287 4697 illam
2308 4643 2470 4716 vulgo
2484 4664 2597 4700 esse
2622 4642 2731 4711 fura
2755 4643 3101 4701 condentium
3121 4640 3505 4714 intentionem,

1870 4729 1927 4772 ut
1963 4732 2125 4785 quam
2163 4714 2466 4777 longissime
2480 4719 2671 4772 staturi
2708 4719 2787 4770 sni
2813 4719 2919 4768 vim
2956 4725 3115 4783 atque
3132 4712 3507 4771 :infimitatem

199 4792 402 4847 se‘luens
425 4801 535 4860 cst,
574 4800 631 4849 ut
706 4794 850 4847 oceri
885 4787 1097 4860 debeat,
1134 4796 1188 4847 in
1227 4788 1335 4845 illis
1353 4786 1581 4862 casibus,
1617 4772 2147 4859 quibuslextensam
2176 4772 2352 4843 velint
2374 4830 2392 4859 ,
2430 4806 2527 4844 nec
2563 4789 2827 4843 minorem
2864 4791 3140 4854 potestatis
3190 4783 3504 4855 amplitudi-
