3971 5383
2159 10 2256 19 ἡ

517 211 542 230 *
1127 137 1145 158 .
1228 190 1361 270 Qui
1406 189 1681 270 potiores
1715 187 1784 250 ἰη
1819 187 2091 266 Pignore
2122 190 2223 252 vel
2257 187 2373 253 isc.
3259 175 3399 249 255

161 272 312 336 dem
347 288 533 335 mores
568 273 816 342 nostros,
869 272 928 328 in
964 276 1120 333 navis
1152 275 1540 345 refefflonems
1576 281 1734 351 idque
1770 283 1828 336 in
1886 278 2170 348 privilegio
2219 283 2275 333 in
2312 277 2565 336 omnibus
2615 274 2877 335 debitoris
2932 273 3095 334 bonis
3140 272 3362 332 habent.
3418 273 3505 332 Ita

172 347 317 414 ipsis
353 346 470 403 illis
502 348 702 405 adibus
737 347 1066 417 navigiisque
1092 346 1322 417 refeths,
1361 366 1471 406 non
1495 352 1628 405 item
1664 359 1719 405 in
1740 366 1830 404 ce·
1890 364 2116 418 namque
2149 364 2260 416 Jure
2295 344 2547 405 Romano
2580 346 2792 405 mulieri
2828 363 2923 418 pro
2973 366 3098 406 recu
3132 347 3333 404 eranda
3377 346 3505 401 dote

159 418 314 473 teris
349 419 565 475 domini
603 417 795 481 bonis5
851 417 973 474 vide
1005 417 1166 475 latius
1200 427 1288 481 eir.
1324 436 1372 475 2.
1419 420 1475 474 in
1508 418 1647 488 quib.
1684 438 1833 475 caut.
1888 420 1942 476 ἂ
1979 418 2126 472 dotis
2149 434 2437 489 augmento
2470 418 2609 474 adie
2642 425 2918 488 augmenti
2938 415 3102 489 hypot
3143 434 3236 474 eca
3255 431 3378 473 cum
3431 417 3507 469 ri-

158 487 310 559 pign.
351 489 443 543 vel
475 486 668 557 hypotb.
706 509 758 542 n.
801 484 882 542 28.
925 498 1009 558 29.
1051 488 1252 546 Adhaec
1268 491 1479 546 domini
1514 491 1833 557 praediorum
1891 485 2093 556 vilegio
2125 502 2257 545 ante
2290 489 2424 545 alios
2456 490 2706 559 exigendi
2742 485 2866 559 suit,
2900 492 2976 543 sic
3013 503 3074 545 ut
3108 492 3158 545 ei
3187 484 3285 541 soli
3320 504 3350 539 c
3415 502 3508 541 ere

169 555 498 614 locatorum
531 561 590 613 in
629 555 850 616 invee‘tis
883 559 936 614 ἃ
974 555 1179 630 illatis,
1213 562 1418 628 quoties
1470 576 1533 616 ea
1583 557 1831 628 praecludi
1887 553 2130 614 debuerit
2164 559 2256 627 qui
2292 563 2347 613 in
2398 559 2647 613 militiam
2702 559 2985 616 emendam
3036 558 3339 618 credidisset
3388 569 3514 610 curu

165 628 525 696 curaverint,
559 625 609 680 d.
647 643 687 681 t.
727 643 775 681 2.
813 647 865 682 n.
903 621 959 680 5.
991 630 1041 684 ἃ
1082 640 1140 683 ut
1186 628 1363 686 brevis
1397 637 1534 696 sim,
1603 626 1831 685 enerali-
1890 643 2137 693 expresso
2172 624 2330 694 pasto
2367 633 2422 684 in
2459 629 2775 696 scripturam
2815 623 3065 699 redacClo,
3099 639 3161 684 ut
3198 624 3390 681 militia
3428 629 3519 693 pi-.

162 707 259 753 tet
301 713 504 767 omnes
536 695 637 766 illi,
672 715 803 766 quos
841 695 926 752 vel
949 694 1149 765 legibus
1189 700 1271 755 vel
1291 698 1528 755 moribus
1567 646 1831 768 §ypothe-
1887 696 2047 764 gnori
2082 697 2173 764 sit,
2207 714 2269 754 ac
2305 699 2448 767 paris
2485 695 2647 754 fuerit
2685 693 2812 763 juris
2863 713 2984 754 cum
3017 716 3120 765 eo,
3172 700 3261 767 qui
3300 696 3359 750 in
3395 710 3513 751 rem

164 783 310 821 cam
349 769 412 822 in
451 764 606 823 rebus
639 766 1003 838 singularibus
1038 782 1131 823 aut
1151 771 1466 826 retentionis
1506 764 1580 832 ius
1617 766 1833 834 habere,
1888 768 2168 821 emendam
2202 782 2328 822 cum
2360 783 2603 836 expressa
2641 767 3248 839 pignorisconrentione
3267 781 3515 821 numos

167 837 240 892 in
279 835 338 889 A.
379 839 464 892 tit.
490 853 539 891 2.
577 857 633 890 n.
657 837 742 891 28.
777 832 950 890 3031.
987 836 1306 896 adnotatum
1322 853 1424 897 est.
1517 840 1574 894 ui
1610 836 1831 903 proinde
1889 832 2337 907 subministravit,
2369 837 2530 893 novel.
2568 851 2655 906 97.
2692 857 2739 892 c.
2775 835 2857 892 bie
2889 856 3193 907 consequent
3228 831 3277 889 5.
3298 833 3350 903 4.
3371 834 3515 902 quod

161 912 215 962 si
307 904 393 963 uli
434 911 492 960 in
528 904 683 964 rebus
717 904 1079 974 singularibus
1132 906 1235 962 sibi
1275 909 1386 980 lege
1423 930 1485 963 ve
1543 925 1690 963 more
1736 907 1831 963 de-
1889 907 1941 961 &
1980 907 2052 962 ad
2084 922 2412 976 sponsamac
2447 924 2672 976 uxorem
2688 908 2992 974 putativam
3010 908 3155 976 porri
3192 906 3389 962 endum
3409 900 3517 960 fuit

160 979 226 1030 v·
341 979 425 1046 is,
481 976 567 1034 vel
606 974 716 1034 iure
768 976 1090 1033 retentionis
1126 991 1256 1035 ante
1297 978 1507 1035 reddita
1533 977 1831 1044 ,impendia
1890 990 2005 1044 arg.
2043 975 2079 1029 l.
2114 980 2388 1044 qia-niam
2430 990 2511 1044 17.
2547 969 2601 1049 §.
2637 979 2686 1030 si
2721 991 2900 1044 fpoma
2940 996 2987 1034 1.
3011 974 3082 1044 ff?
3213 973 3318 1032 reb.
3370 973 3518 1030 amsi.

162 1042 337 1106 fasta
373 1063 491 1100 non
530 1047 907 1111 restituendis,
945 1052 1177 1114 potiores
1210 1062 1368 1104 erunt
1405 1048 1527 1102 aliis
1563 1059 1678 1101 tu·n
1713 1044 1830 1101 chi·
1881 1042 2009 1113 Jud.
2042 1043 2226 1111 possid.
2264 1049 2299 1101 l.
2339 1048 2385 1101 si
2417 1059 2606 1113 sponsa
2644 1044 2727 1117 74.
2753 1041 2828 1115 ff
2859 1044 3081 1116 dejure
3113 1045 3275 1101 dom.
3314 1046 3361 1100 si
3393 1061 3517 1100 cum

161 1112 555 1189 rogi-aphariis
591 1130 707 1172 tum
745 1113 1138 1185 hypothecariis
1161 1156 1178 1178 ,
1214 1133 1483 1183 utcunque
1536 1112 1833 1186 hypotheca
1891 1111 2064 1167 dotem
2101 1130 2188 1168 22.
2223 1108 2278 1188 5.
2315 1117 2410 1171 ult.
2461 1111 2527 1184 ff
2582 1119 2746 1172 soluto
2800 1120 3110 1172 matt-incon.
3164 1111 3239 1171 Et
3275 1114 3521 1185 quamvis

161 1185 607 1246 cmventionali
665 1201 910 1254 expressa
969 1187 1052 1244 vel
1090 1185 1250 1259 legali
1303 1193 1417 1244 sive
1451 1186 1686 1257 generali
1723 1187 1835 1241 sive
1890 1183 2167 1238 extraneis
2202 1182 2485 1240 heredibus
2519 1184 2821 1254 hypotheca
2855 1184 3007 1257 sola,
3040 1203 3152 1242 non
3190 1190 3315 1242 item
3353 1183 3519 1251 privi-

158 1254 406 1326 speciali
444 1261 711 1312 anteriore
747 1258 971 1311 munitis
1007 1257 1073 1326 (si
1113 1274 1304 1323 paucos
1326 1273 1477 1311 casus
1514 1258 1750 1322 excipias
1767 1256 1833 1311 de
1895 1251 2094 1324 legium
2129 1253 2458 1321 praelationis
2492 1259 2633 1313 inter
2669 1253 3108 1329 hypothecarios,
3142 1266 3429 1323 competat,
3462 1246 3518 1322 ὗ,

160 1324 383 1398 quibu>
403 1325 614 1395 iri-seqq
649 1324 698 1382 b.
735 1319 802 1394 t.)
824 1325 988 1383 veluti
1041 1328 1291 1384 dominus
1317 1325 1550 1383 direaus
1589 1326 1643 1378 in
1668 1322 1837 1381 fundo
1880 1317 2069 1393 fuerat
2108 1336 2194 1392 29.
2232 1322 2365 1379 [πη.
2403 1322 2465 1378 de
2500 1327 2729 1382 anaim.
2768 1324 2924 1382 liberi
2942 1338 3124 1381 tamen
3148 1342 3296 1383 exeo
3330 1324 3520 1377 matri-

164 1394 688 1466 emphyteuticario
722 1414 819 1462 pro
853 1413 1065 1453 canone
1102 1411 1196 1454 aut
1217 1395 1433 1463 solario,
1467 1394 1718 1452 dominus
1741 1411 1836 1448 an·
1896 1397 2080 1447 monio
2113 1399 2378 1465 progeniti
2416 1393 2635 1461 perinde
2669 1394 3034 1464 praelationem
3070 1393 3310 1463 habent,
3364 1409 3427 1448 ac
3474 1394 3523 1450 si

165 1468 378 1538 tiquus
418 1466 475 1518 in
517 1459 688 1521 fundo
722 1466 962 1524 censuali
986 1485 1082 1533 pro
1116 1484 1311 1531 censu;
1347 1465 1594 1524 venditor
1632 1470 1685 1519 in
1709 1483 1837 1532 pra-
1897 1474 2071 1517 mater
2108 1478 2296 1519 eorum
2317 1461 2492 1521 adhuc
2529 1465 2845 1534 vivensipsa
2883 1471 3095 1538 egisset,
3129 1464 3261 1520 adeo
3282 1477 3340 1519 ut
3359 1468 3525 1520 etiam

158 1538 274 1595 dio
318 1534 547 1591 vendito
580 1551 640 1588 ac
678 1536 884 1592 tradito
899 1535 1208 1593 solemniter
1244 1555 1303 1591 ea
1326 1533 1458 1606 lege,
1495 1551 1555 1590 ut
1593 1553 1686 1602 pro
1708 1553 1834 1601 pre-
1897 1550 1962 1590 ..x
2001 1534 2256 1598 temporis
2291 1538 2638 1607 prerogativa
2674 1549 2917 1594 novercae
2932 1555 3035 1592 suae
3057 1530 3525 1605 praeserendisint,

137 1608 263 1662 'tio
301 1602 532 1661 residuo
564 1603 868 1674 obligatum
902 1608 1014 1670 sit;
1052 1611 1371 1662 universitas
1399 1621 1657 1676 agrorum
1677 1622 1838 1676 agge-
1900 1604 2004 1658 nisi
2038 1619 2123 1658 res
2157 1608 2305 1673 ipsa,
2362 1621 2453 1673 per
2489 1621 2774 1660 novercam
2809 1607 2868 1662 in
2902 1606 3084 1682 dlotem
3117 1605 3292 1675 date,
3345 1602 3523 1659 adhuc

162 1676 342 1733 ribus
379 1676 716 1731 munitorum
751 1676 810 1731 in
847 1674 1070 1746 singulis
1107 1678 1310 1743 prediis
1349 1693 1444 1741 pro
1468 1686 1582 1729 rata
1622 1673 1715 1744 pro
1737 1679 1839 1728 im·
1897 1676 2131 1727 exiatant
2169 1677 2227 1734 in
2263 1679 2588 1741 patrimonio
2623 1679 2823 1742 mariti,
2861 1676 2895 1730 l.
2929 1676 3029 1732 ult.
3072 1669 3124 1746 ᾗ.
3168 1692 3214 1730 ι.
3255 1680 3311 1729 in
3331 1671 3446 1743 fine
3466 1673 3524 1727 C.

161 1748 450 1817 pensisin
471 1761 745 1828 aggerum,
779 1743 1214 1802 molendinorum
1230 1748 1627 1812 aquaticorum,
1664 1753 1836 1815 aquae-
1899 1738 1948 1795 b.
1984 1757 2026 1796 t.
2067 1737 2232 1810 jun&
2271 1743 2305 1799 l.
2347 1745 2405 1799 in
2456 1742 2607 1800 rebus
2643 1740 2733 1802 30.
2769 1745 2826 1801 C.
2861 1743 2927 1799 de
2965 1744 3100 1814 jure
3143 1742 3249 1802 dot.
3282 1764 3401 1800 nov.
3437 1757 3526 1815 91.

161 1811 478 1883 ananum,
511 1815 874 1882 similiumque
907 1831 1304 1883 reparationem
1361 1810 1534 1869 fastis.
1586 1813 1836 1885 Idemque
1900 1810 2010 1879 cap.
2042 1829 2085 1866 ι.
2123 1808 2492 1884 Negusantius
2526 1814 2592 1869 de
2622 1819 2675 1884 ρ’
2704 1837 2754 1871 n.
2779 1814 2844 1877 Θ
2863 1814 3064 1884 bypoth.
3091 1811 3321 1870 membro
3340 1832 3528 1884 quarte

163 1887 246 1945 de
289 1886 495 1941 ceteris
528 1885 616 1940 tit.
657 1903 708 1939 2.
743 1887 1070 1942 enumeratis
1105 1883 1366 1954 judicium
1403 1898 1537 1939 esto,
1897 1884 2062 1948 partis
2098 1881 2330 1939 secunda
2363 1905 2510 1941 num.
2546 1881 2635 1940 85.
2655 1835 2978 1943 {adelinus
2996 1884 3200 1957 dejure
3218 1886 3408 1940 noviss.
3431 1882 3521 1940 lib.

255 1969 360 2012 20.
401 1949 572 2022 Quod
608 1958 649 2009 si
685 1972 812 2011 cum
830 1957 917 2026 iis,
941 1958 1044 2026 qui
1078 1951 1422 2014 crediderunt
1455 1956 1511 2008 in
1549 1958 1839 2010 emtionem
1901 1948 1952 2018 4.
1990 1966 2104 2015 cap.
2149 1951 2225 2007 18.
2266 1956 2393 2011 ver?-
2432 1954 2739 2026 praeterjur‚
2774 1958 2832 2010 in
2846 1953 2968 2026 fine,
3000 1973 3093 2013 seu
3111 1975 3162 2009 n.
3191 1972 3271 2010 ιι.
3310 1950 3382 2009 D.
3420 1950 3526 2010 Sc·

167 2024 356 2082 navis
396 2034 495 2079 aut
529 2021 745 2082 adificii
779 2041 904 2083 cum
935 2040 1180 2092 expresso
1215 2024 1371 2093 ρειᾶο
1402 2021 1713 2086 solemniter
1749 2023 1836 2075 in-
1902 2038 2083 2077 meren
2119 2020 2183 2075 de
2217 2024 2338 2088 iure
2370 2043 2714 2081 novercarum
2748 2041 2863 2093 cap.
2897 2020 2948 2079 8.
2966 2046 3022 2080 n.
3059 2021 3112 2079 6.
3143 2027 3201 2079 in
3219 2021 3324 2095 fin.
3362 2018 3526 2094 Quod

165 2093 487 2164 ter-posito,
521 2107 581 2148 ut
617 2094 809 2151 domus
842 2107 935 2151 aut
975 2099 1128 2152 navis
1162 2111 1339 2161 empta
1376 2095 1590 2163 pignori
1623 2095 1714 2164 sit,
1748 2105 1840 2148 aut
1901 2105 2081 2148 autem
2115 2088 2318 2166 dissum
2338 2092 2404 2150 de
2442 2092 2743 2167 hypotheca
2765 2114 2861 2163 pro
2893 2094 3037 2152 dotis
3056 2109 3345 2168 augmento
3381 2111 3413 2148 a
3434 2096 3523 2153 die

165 2166 363 2225 fidem
402 2161 715 2222 habuerunt
748 2165 816 2221 de
852 2166 1025 2231 pretio
1057 2167 1245 2223 domus
1293 2182 1320 2217 a
1359 2182 1414 2219 se
1451 2164 1678 2220 vendite
1713 2179 1834 2218 cum
2238 2164 2250 2175 '

167 2232 374 2292 simili
409 2231 643 2289 solemni
679 2235 917 2306 pignoris
951 2231 1108 2302 pado
1143 2246 1379 2301 tempore
1404 2232 1713 2290 traditionis
1749 2248 1842 2302 ap7

169 2308 404 2376 pffto,
447 2303 781 2360 contendant
820 2304 921 2371 illi,
953 2313 1045 2373 qui
1077 2305 1325 2371 deinceps
1357 2309 1418 2357 in
1467 2318 1622 2362 emtae
1655 2302 1843 2360 domus

166 2388 284 2433 aut
311 2373 478 2430 navis
500 2372 840 2430 crediderunt
859 2369 1472 2442 refefflonem,pctiores
1508 2374 1565 2429 in
1605 2370 1697 2426 illa
1716 2378 1844 2428 navi

165 2459 283 2506 aut
327 2443 501 2521 domo
530 2456 712 2509 erunt,
745 2450 837 2514 qui
874 2444 932 2498 in
965 2463 1026 2502 re
1064 2440 1413 2504 resediionem
1449 2459 1513 2498 ac
1549 2460 1842 2499 conserva·

170 2519 415 2572 tionem
435 2529 548 2578 elus
563 2512 926 2584 crediderunt,
963 2512 1086 2571 licet
1105 2529 1338 2583 tempore
1358 2513 1699 2578 posteriores5
1755 2513 1842 2567 uia

165 2583 397 2642 horum
435 2582 658 2651 pecunia
692 2582 1046 2642 creditoribus
1079 2579 1440 2641 anterioribus
1473 2580 1677 2636 salvam
1737 2589 1843 2639 ecit

169 2658 372 2716 totius
409 2653 650 2724 pignoris
684 2668 900 2711 causam
922 2696 940 2724 ,
989 2654 1027 2710 l.
1064 2651 1335 2723 interdum
1370 2650 1422 2709 5.
1461 2651 1496 2707 l.
1532 2649 1585 2708 6.
1616 2645 1694 2723 ffl'
1719 2650 1765 2706 b.
1802 2668 1841 2708 r.

159 2727 336 2796 1:120,
373 2723 424 2780 si
459 2719 555 2778 aiii
592 2725 757 2794 prim,
786 2722 883 2779 alii
920 2736 1102 2792 postea
1137 2724 1463 2781 crediderint
1500 2726 1555 2777 in
1594 2718 1843 2779 refeffio-

160 2811 350 2863 nerra,
387 2808 503 2849 non
540 2791 658 2849 sine
690 2797 905 2852 ratione
938 2794 1197 2851 contendi
1232 2793 1728 2863 possen-posterius
1764 2810 1844 2847 re-

163 2863 456 2926 sefflonis
487 2861 749 2921 creditum
785 2868 960 2931 potius
993 2876 1157 2931 atque
1191 2867 1464 2931 potentius
1482 2879 1593 2918 esse
1629 2873 1843 2938 oporte·
1907 2858 2097 2933 esficit‚
2134 2875 2213 2931 ut,
2248 2862 2295 2918 si
2328 2875 2613 2919 extraneus
2649 2860 2799 2919 heres
2835 2863 3094 2937 mulieris,
3126 2864 3196 2922 ad
3231 2883 3385 2936 quem
3423 2864 3526 2939 hy-

169 2957 268 3006 rc,
315 2947 492 3001 quam
528 2932 690 3005 prius,
723 2932 849 3000 quia
883 2935 940 2992 ἂ
977 2931 1066 2988 hic
1103 2950 1288 2989 verum
1322 2944 1421 3002 est,
1455 2948 1520 2987 ex
1555 2935 1847 3001 posteriore
1976 2929 2140 2987 thece
2173 2933 2389 3003 quidem
2425 2930 2538 3004 jus,
2571 2944 2630 2988 at
2668 2950 2776 2988 non
2826 2934 3163 3007 privilegium
3216 2950 3344 2993 ante
3394 2935 3544 2991 alios‘

159 3004 414 3065 credito
449 3000 652 3057 salvam
688 3019 798 3058 esse
831 3019 1049 3061 causam
1083 3005 1250 3060 totius
1284 3000 1540 3072 pig-noris,
1574 3000 1715 3072 quod
1753 3018 1848 3068 pro
1945 2998 2323 3073 ypothecarios
2359 3016 2600 3069 tempore
2635 3004 2837 3072 priores
2869 3005 3119 3079 exigendi
3155 3012 3390 3078 transit,
3436 3023 3537 3078 pro

165 3078 485 3133 anteriore
521 3067 811 3129 refefflone
848 3067 956 3140 jam
987 3071 1192 3144 exlege
1224 3066 1533 3130 devint‘Jlum
1567 3083 1703 3138 erat,
1735 3087 1845 3141 arg.
1905 3074 2050 3130 dotis
2083 3089 2151 3127 au
2190 3087 2374 3128 mento
2427 3073 2673 3138 postponi
2708 3071 2899 3130 debeat
2933 3074 3183 3131 omnibus
3204 3075 3313 3131 illis
3347 3078 3532 3131 mariti

171 3145 242 3204 d.
281 3145 329 3200 l.
375 3140 432 3199 5.
470 3139 537 3203 &³
570 3140 625 3199 6.
657 3137 725 3210 ffl
761 3140 814 3196 h.
852 3156 893 3197 t.
937 3142 1017 3201 lta
1050 3141 1242 3199 saltem
1276 3143 1420 3212 inter
1449 3159 1573 3210 eos,
1604 3142 1697 3225 qui
1732 3156 1846 3195 ma-
1908 3143 2158 3201 credltori
2200 3160 2276 3215 us,
2309 3140 2496 3214 quibus
2531 3144 2675 3198 inter
2693 3147 2917 3211 primam
2951 3144 3130 3202 dotem
3145 3144 3331 3200 datam
3365 3149 3419 3205 &
3440 3145 3538 3203 clo-

215 3218 378 3273 istro
416 3213 576 3266 navis
609 3211 950 3271 crediderunt
985 3228 1044 3282 op
1063 3209 1390 3281 Bodemeriye
1513 3224 1705 3267 sterius
1731 3229 1847 3267 cre·
1910 3213 1980 3267 tis
2014 3228 2364 3285 augmentum
2394 3207 2476 3281 jus
2510 3217 2755 3282 pignoris
2777 3213 3212 3270 conventionalis
3233 3216 3319 3273 vel
3350 3213 3395 3272 le
3434 3214 3534 3272 alis

167 3236 384 3345 {itum
427 3281 592 3349 priori
627 3277 862 3349 preferri
897 3299 966 3338 ex
1006 3284 1311 3340 inveterata
1359 3251 1451 3338 fio
1477 3279 1669 3338 landiae
1716 3296 1846 3335 con·
1910 3284 1968 3336 in
2006 3281 2163 3338 bonis
2198 3284 2379 3338 mariti
2418 3289 2697 3350 quaesitum
2733 3279 2855 3338 fuit.
2896 3280 2998 3340 Pro
3052 3282 3209 3341 bonis
3246 3303 3407 3356 parap
3446 3304 3532 3344 er-

163 3352 518 3419 suetudine,
551 3351 719 3408 tradit
754 3347 938 3409 anaor
959 3349 1427 3429 Responsdurisc.
1467 3346 1618 3407 Holl.
1649 3364 1766 3418 par.
1793 3343 1845 3403 3.
1912 3353 1998 3407 nis
2031 3351 2244 3409 mulieri
2280 3352 2496 3422 quidem
2530 3353 2717 3410 datam
2752 3349 2910 3411 fuisse
2943 3350 3305 3425 hypothecam
3331 3375 3364 3413 a
3398 3356 3536 3430 lege,

166 3425 294 3489 vel.
323 3436 380 3477 2.
420 3439 562 3477 com.
581 3417 669 3477 56.
712 3416 1021 3479 Roseboom
1038 3440 1336 3492 cortuymm
1368 3442 1477 3478 van
1494 3418 1849 3476 Amsterdam
1910 3434 1970 3477 ut
1998 3423 2065 3480 ·&
2100 3425 2301 3479 marito
2337 3438 2432 3491 pro
2466 3420 2595 3481 dote
2632 3428 2885 3491 promissa
2919 3422 3201 3496 exigenda,
3233 3442 3297 3483 ac
3332 3445 3431 3496 pro
3448 3447 3533 3486 rt.h

169 3518 222 3554 c.
265 3493 374 3553 52.
411 3505 522 3547 art.
556 3485 778 3562 9..Nisi
795 3490 983 3550 eodem
1021 3493 1079 3555 in
1114 3491 1235 3548 loco
1267 3491 1443 3562 plures
1477 3494 1555 3546 ita
1592 3494 1849 3564 magistro
1909 3492 2212 3559 cuperanda
2284 3504 2464 3562 ropter
2500 3496 2718 3559 nuptias
2749 3490 3069 3565 donatione,
3085 3494 3169 3549 tic.
3192 3509 3241 3550 2.
3270 3516 3421 3554 num.
3444 3516 3532 3554 20.

164 3561 552 3624 «edidissent
587 3567 738 3617 intra
770 3567 1058 3620 continuos
1076 3560 1201 3622 otio
1236 3576 1334 3619 aut
1351 3562 1536 3620 decem
1568 3560 1702 3630 dies,
1737 3576 1844 3632 quo
1911 3560 2197 3631 probatum
2252 3563 2376 3619 uit:
2425 3562 2515 3619 sed
2551 3560 2885 3634 privilegium
2940 3574 3068 3621 ante
3119 3560 3252 3621 alios
3283 3570 3534 3641 exigendi

168 3652 328 3697 casu
366 3647 468 3690 eos
498 3648 566 3688 ex
601 3634 986 3690 mansetudine
1020 3630 1186 3688 simul
1219 3649 1536 3689 concurrere
1587 3644 1683 3698 pro
1728 3642 1848 3686 rata
1914 3636 2158 3701 nuspiam
2193 3644 2407 3703 apparet
2441 3634 2498 3687 in
2537 3631 2682 3688 hisce
2714 3649 3050 3704 concessum,
3080 3643 3141 3689 ut
3180 3646 3298 3704 post
3333 3639 3535 3696 multos

168 3706 259 3765 ad
299 3705 475 3760 navis
508 3701 1013 3772 pretium,·testatur
1049 3697 1359 3763 Roseboom
1375 3701 1427 3756 d.
1446 3719 1490 3756 c.
1511 3698 1598 3757 52.
1618 3715 1725 3755 art.
1769 3718 1851 3757 ιο.
1912 3699 2046 3757 alios
2082 3700 2265 3759 Sande
2298 3700 2456 3756 decit.
2494 3700 2680 3757 Fritic.
2715 3699 2804 3758 lib.
2840 3697 2892 3757 3.
2928 3704 3013 3759 cit.
3058 3720 3137 3759 12.
3173 3701 3279 3776 defi
3316 3703 3367 3764 5.
3404 3706 3533 3781 Quo

165 3770 687 3903 Qffiffssmfium
721 3776 886 3831 etiam
923 3775 1071 3837 inter
1104 3791 1230 3843 eos,
1266 3774 1360 3842 qui
1391 3770 1615 3828 diversis
1648 3782 1850 3839 tempo-
1911 3789 2075 3841 usque
2111 3789 2239 3829 vero
2273 3773 2471 3827 nostris
2488 3770 2730 3829 moribus
2763 3771 3005 3841 prelatio
3021 3775 3233 3832 ratione
3256 3776 3397 3834 dotis
3414 3795 3536 3837 mu-

169 3866 236 3907 n
399 3847 462 3899 in
479 3841 715 3908 eiusdem
735 3841 927 3899 domus
944 3834 1681 3915 credideruntrefee'tionem,
1717 3857 1849 3899 cou-
1914 3839 2134 3899 lieribus
2168 3844 2412 3912 supersit,
2445 3839 2554 3912 jam
2587 3854 2717 3900 ante
2749 3841 2908 3897 daie.
2931 3858 2979 3898 2.
2999 3864 3054 3901 n.
3091 3859 3178 3903 20.
3215 3846 3537 3907 adnotatum

167 3928 432 3978 cursum
466 3928 575 3979 esse
595 3926 884 3985 oportere,
909 3914 1060 3983 quasi
1096 3930 1281 3971 omnes
1318 3917 1373 3968 in
1410 3910 1642 3969 eandem
1675 3908 1851 3968 credi·
1912 3922 2009 3969 est.
2045 3906 2218 3968 'P'orro
2251 3909 2444 3978 quibus
2479 3913 2535 3966 in
2560 3910 2770 3967 casibus
2803 3911 2992 3970 mulier
3011 3920 3221 3973 ratione
3246 3917 3537 3988 dotisprae-

169 3988 394 4051 derint
430 3997 669 4050 causam,
706 3987 786 4039 rei
806 3998 998 4052 nempe
1027 3983 1523 4051 conservationem,
1562 3976 1852 4039 'udicatum
1915 3980 2176 4037 lationem
2213 3978 2398 4059 habet,
2427 3981 2567 4040 iis&
2597 3978 2819 4044 arrham
2831 3983 3201 4050 sponsalitiam
3219 3980 3344 4055 (den
3360 3991 3543 4049 Troum

173 4048 746 4119 rekrtNeosradius
783 4052 948 4109 Curia
1002 4049 1146 4110 Holl.
1196 4052 1353 4121 decit.
1407 4045 1495 4108 55.
1677 4051 1771 4121 Bt,
1805 4050 1851 4105 si
1899 4046 2194 4124 sowing)
2225 4056 2279 4109 ei
2334 4069 2427 4107 ure
2464 4052 2711 4121 praecipui
2743 4069 3012 4109 cessuram
3034 4093 3053 4125 ,
3084 4055 3147 4110 in
3183 4052 3359 4113 Frisia
3399 4055 3539 4118 ‘ud'-

169 4142 330 4189 cum
367 4140 462 4193 eo,
492 4123 590 4194 qui
623 4127 683 4179 in
718 4128 925 4195 aggeris
957 4125 1014 4185 &
1049 4119 1567 4197 molendinos-timae
1602 4120 1851 4192 aquadu-
1913 4131 2095 4177 catum
2128 4130 2208 4177 est
2230 4159 2248 4188 ,
2326 4119 2467 4177 ande
2498 4119 2608 4176 dec.
2646 4120 2830 4178 Frisic.
2868 4121 2956 4179 lib.
2993 4137 3048 4181 2.
3085 4128 3169 4182 tic.
3207 4142 3259 4181 2.
3294 4076 3443 4198 Δεῇζι.
3478 4081 3534 4188 ὁ.

165 4199 390 4260 Qum
428 4191 795 4264 similiumque
845 4189 1197 4252 refefflonem
1230 4192 1496 4263 credidit,
1551 4190 1851 4259 disceptent
1983 4204 2071 4246 22.
2110 4187 2267 4247 Fisco
2302 4207 2505 4261 quoque
2541 4190 2729 4274 agenti
2761 4208 2828 4248 ex
2862 4209 3024 4251 causa
3058 4195 3380 4265 primipilari
3436 4197 3538 4274 hy-

165 4265 424 4331 domini
460 4260 650 4321 direffi
679 4280 791 4331 -pro
822 4280 1033 4323 canone
1068 4261 1154 4320 vel
1186 4260 1405 4333 salario,
1440 4259 1610 4343 magis
1643 4271 1723 4318 est
1793 4272 1855 4316 ut

167 4333 533 4413 prasii-atur
566 4336 793 4392 domino
826 4331 1033 4392 ditatio
1067 4334 1112 4390 is
1136 4333 1230 4404 qui
1264 4327 1494 4389 credidit
1515 4335 1573 4388 in
1606 4299 1855 4389 refesslio-

1902 2167 2176 2233 augmenti
2233 2162 2295 2219 nd
2326 2169 2496 2230 primo
2528 2166 2739 2233 quidem
2773 2183 2838 2221 eo
2858 2167 3108 2235 pertinet,
3142 2179 3220 2234 ut,
3254 2170 3298 2220 si
3335 2163 3526 2221 mulier

1903 2249 2049 2287 anno
2083 2203 2301 2287 abhinc
2336 2229 2529 2290 oehvo
2550 2235 2738 2291 dotem
2772 2233 2997 2306 dederit,
3031 2247 3382 2308 augmentum
3400 2247 3528 2292 ante

1901 2316 2133 2371 quatuor
2169 2319 2363 2374 annos,
2397 2303 2492 2362 sed
2524 2304 2570 2358 si
2607 2307 2796 2362 tertius
2831 2320 2958 2361 ante
2991 2324 3085 2362 sex
3120 2320 3291 2361 annos
3327 2307 3529 2361 marito

1902 2372 2186 2428 crediderit
2223 2373 2281 2425 in
2317 2379 2609 2429 emtionem
2644 2372 2801 2432 fundi
2836 2374 3149 2433 Corneliani
3185 2391 3308 2431 cum
3343 2373 3526 2445 paQo,

1903 2452 1964 2498 ut
2004 2438 2200 2497 fundus
2233 2439 2328 2499 ille
2362 2444 2574 2515 pignori
2607 2450 2676 2502 sit
2694 2465 2719 2509 ,-
2770 2444 2965 2503 mulier
3001 2463 3097 2516 pro
3129 2446 3257 2502 dote
3310 2462 3529 2515 recupe—

1906 2511 2077 2568 randa
2114 2512 2344 2579 primum
2378 2515 2437 2567 in
2476 2509 2646 2569 fundo
2681 2514 3014 2571 Corneliano
3048 2514 3225 2572 locum
3242 2514 3531 2572 obtentura

1903 2583 2010 2647 sit,
2043 2582 2171 2638 dein
2210 2586 2282 2649 is,
2317 2582 2408 2649 qui
2443 2594 2573 2638 ante
2605 2599 2699 2642 sex
2734 2600 2907 2641 annos
2943 2586 3003 2642 in
3040 2581 3196 2642 fundi
3235 2583 3380 2640 illius
3412 2587 3530 2645 emss

1867 2708 1868 2713 ,
1907 2654 2113 2710 tionem
2148 2668 2273 2709 cum
2308 2668 2559 2719 expresso
2599 2653 2835 2726 pignoris
2903 2650 3024 2712 selo
3040 2654 3285 2726 credidit,
3320 2667 3528 2712 actan-

1906 2724 2031 2781 dem
2066 2741 2131 2780 ex
2167 2740 2250 2794 e0,
2284 2722 2423 2794 quod
2457 2738 2693 2791 superest
2727 2740 2793 2781 ex
2828 2723 2866 2779 il
2894 2726 2972 2781 ius
3007 2721 3162 2783 fundi
3195 2729 3399 2797 pretio,
3432 2726 3533 2784 do·-

1908 2797 1976 2848 tis
2012 2806 2360 2864 augmentum
2394 2791 2609 2849 mulieri
2644 2794 2915 2851 reddatur.
2953 2791 3063 2857 Sed
3113 2798 3170 2854 δι’
3204 2795 3438 2853 secundo
3473 2797 3531 2854 id

1913 4258 2147 4341 potheca
2179 4276 2305 4317 cum
2339 4259 2625 4344 privilegio
2659 4261 2787 4318 data
2824 4257 2930 4319 fuit
2966 4265 3024 4321 in
3079 4267 3266 4323 omnia
3299 4266 3444 4325 bona
3477 4290 3537 4328 e-

1917 4347 2018 4401 Jus,
2050 4333 2141 4415 gui
2176 4348 2242 4387 ex
2281 4346 2435 4387 causa
2454 4329 2774 4417 primipilari
2790 4330 3084 4420 devinfius·
3098 4350 3238 4421 erat,
3270 4336 3305 4393 l.
3329 4354 3374 4393 ι.
3396 4340 3451 4396 C.
3471 4338 3538 4396 de

1918 4399 2139 4457 condeH.
2178 4419 2238 4454 ex
2269 4401 2440 4475 lege,1.
2461 4401 2670 4457 uulnus
2696 4394 2749 4457 3.
2782 4399 2903 4458 Cde
2917 4405 3202 4477 premtpelo,
3221 4425 3318 4464 nec
3336 4426 3446 4467 non
3472 4410 3534 4467 in

171 4426 360 4478 nens,
395 4404 698 4463 secundum
729 4418 909 4463 mores
942 4417 1159 4462 nostros
1207 4399 1573 4476 hypothecam
1628 4397 1858 4474 legalem

1919 4468 2080 4527 bonis
2114 4470 2319 4526 civium
2355 4488 2452 4540 pro
2484 4468 2725 4542 tributis,
2755 4469 2841 4545 (in
2893 4472 3083 4560 quibus
3125 4492 3325 4533 nervos
3359 4479 3536 4548 reipu-

167 4480 566 4545 habens-3.ae
584 4474 732 4546 quod
764 4470 821 4533 «St
843 4472 932 4530 hic
968 4471 1183 4531 salvam
1197 4471 1405 4530 credito
1422 4474 1520 4528 suo
1540 4464 1670 4528 fecit
1691 4475 1858 4539 ipsam

167 4547 454 4615 dominii
481 4540 677 4605 dire-sti
711 4559 950 4615 causam,
984 4561 1050 4601 ex
1145 4542 1280 4617 ,ode
1351 4541 1483 4600 ndet
1517 4545 1860 4603 canonisaut
1920 4537 2073 4595 blica
2107 4557 2218 4598 esse
2254 4535 2517 4609 Ulpianus
2551 4542 2701 4597 dixit
2736 4543 2772 4599 l.
2803 4559 2849 4598 1.
2869 4536 2921 4627 ᾗ.
2961 4565 3020 4600 m
3050 4564 3219 4602 cama
3256 4561 3338 4603 20.
3361 4543 3438 4616 ff
3470 4548 3538 4605 de

165 4620 394 4685 8113ῐῆ
531 4616 660 4673 ‘⁰⁶13
693 4608 818 4683 5³⁸5
850 4632 971 4700 3¹3·
1006 4613 1061 4668 d·
1087 4560 1225 4698 3:¹5·
1261 4561 1516 4697 ἔθχῖ·
1553 4608 1604 4667 b·
1633 4625 1681 4694 ‚¹-
1921 4605 2210 4697 ᾳῡθῐΐὶῡῤ),
2246 4617 2502 4680 Praecipue
2536 4611 2754 4681 quidem
2788 4615 3010 4694 injpsis
3059 4615 3278 4686 praediis
3325 4615 3537 4677 tributo

255 4709 365 4751 21.
465 4686 668 4745 idimus
697 4685 768 4743 de
801 4684 1154 4758 privilegiatis
1187 4698 1372 4740 rerum
1388 4680 1746 4752 singularium
1779 4680 1860 4749 pi-
1921 4676 2125 4737 obnoxi
2224 4680 2315 4739 sed
2350 4695 2532 4760 tamen
2564 4684 2811 4741 etiamex
2846 4701 2959 4754 Jure
2978 4680 3230 4741 Romano
3262 4691 3320 4744 in
3355 4689 3537 4743 omni-

159 4759 488 4848 gnosibus.
525 4752 694 4837 ‚Sunt-
719 4756 777 4815 ὅ(
814 4757 930 4829 qui.
967 4750 1274 4831 generalem
1327 4750 1714 4829 hypothecam,
1737 4758 1866 4813 cum
1924 4747 2023 4809 bus
2060 4747 2168 4810 bon
2250 4766 2454 4826 eorum,
2488 4757 2579 4822 qui
2615 4755 2674 4811 in
2709 4750 2902 4813 tributi
2928 4767 3045 4814 tum
3078 4753 3234 4816 rebus
3267 4770 3380 4816 tum
3418 4775 3561 4834 per-x
3622 4762 3631 4771 ·
