3971 5383
1218 212 1456 275 Soluto
1483 211 1909 273 Matrimonia
1940 211 2053 272 dos
2088 212 2449 292 quemadm.
2480 213 2597 278 &a

3265 215 3398 287 125

199 310 300 369 tur,
338 297 372 356 1.
415 318 459 358 1.
501 300 555 358 C.
593 299 658 357 de
705 298 956 427 regudiis,
994 300 1030 356 Ι.
1072 304 1118 359 ri
1155 295 1353 359 ηἰιυ-ἰιο
1388 296 1478 357 31.
1514 317 1586 368 pr.
1611 300 1686 369 ff
1720 298 1772 355 b.
1792 316 1830 353 t.
1897 302 1976 371 ti,
2028 301 2329 371 iterumque
2359 310 2576 375 quaesita
2611 305 2913 373 propediem
2939 307 3271 383 dissipaturi,
3302 330 3416 385 arg.
3451 312 3508 370 d.

206 368 458 442 Praecipue
522 389 648 430 vero
713 389 750 429 o

841 373 1082 441 inopiam
1135 379 1317 429 mariti
1367 375 1830 442 supervenientem
1892 362 1946 443 9.

201 455 472 500 constante
515 444 872 500 matrimonio
907 446 1052 501 dotis
1085 445 1334 513 repetitio
1368 443 1584 498 mulieri
1613 442 1828 510 permis-

2043 374 2180 428 nult.
2233 389 2285 428 et
2319 384 2418 429 ult.
2477 374 2662 430 Iustis.
2699 375 2764 430 de
2816 377 3030 448 ruspef‘l.
3086 397 3243 437 tutor.
3298 379 3507 441 Confer

1905 443 1976 498 l'u
2004 442 2201 499 denum
2234 442 2321 497 ad
2345 447 2430 499 tit.
2466 441 2586 499 Cod.
2623 447 2787 501 rolmo
2821 452 3125 504 man-imon.
3165 471 3217 506 n.
3238 446 3288 507 3.
3326 452 3503 511 Andr.

189 527 258 566 sa
291 526 386 580 est,
419 513 473 567 si
511 516 586 568 ita
607 517 1013 595 patrimonium
1049 511 1161 583 eius
1195 514 1545 582 diminutum,
1596 524 1654 570 ut
1690 511 1830 568 dotis
1892 510 2058 585 Gayl.
2094 510 2211 567 libr.
2249 528 2299 568 2.
2337 513 2528 570 observ.
2564 510 2652 571 85.
2691 514 3115 575 Rittershusium
3149 522 3231 577 ad
3273 523 3509 580 novellas·

200 578 458 639 exaffloni
503 579 778 641 sufficiens
815 583 962 642 haud
1002 585 1248 642 futurum
1286 585 1552 653 videatur,
1585 599 1650 637 ac
1687 584 1823 649 peri·

203 649 375 707 culum
415 651 599 723 subsit,
656 652 794 725 fore,
850 674 912 712 ur
949 656 1164 713 mulieri
1203 670 1317 723 post
1355 660 1568 722 nuptias
1613 654 1827 711 demum

206 719 396 777 solutas
455 725 639 796 agenti
680 727 857 782 inanis
913 726 979 783 de
1015 728 1140 783 dote
1176 725 1320 783 aetio
1352 739 1505 794 esset,
1552 724 1590 779 l.
1626 726 1675 777 si
1707 742 1823 776 con·

189 805 367 860 ,name
422 796 509 864 24.
544 809 618 861 pr.
649 789 726 866 ff:
767 794 820 851 b.
860 811 902 851 t.
941 798 974 849 l.
1013 794 1103 853 ubi
1158 795 1331 852 adbuc
1385 805 1469 865 29.
1509 795 1543 849 l.
1582 793 1639 845 r'n
1674 789 1823 847 rebus

205 852 285 914 5ο.
322 863 377 917 in
404 866 519 937 fine
556 865 612 921 C.
654 865 718 917 de
745 867 880 938 jure
918 868 1026 924 dot.
1050 869 1232 925 novell.
1271 879 1361 938 97.
1383 880 1492 933 cap.
1532 861 1675 919 illud
1735 883 1822 916 uo—

203 929 596 1062 thab'b‘Andr.
639 930 812 1008 Gayl.
856 937 973 994 libr.
1008 934 1061 994 5.
1101 935 1291 993 cbrerv.
1329 931 1412 992 85.
1469 931 1657 991 Petrus
1776 950 1827 986 r-

455 1004 579 1064 DD.
621 1011 814 1075 passim
851 1009 931 1062 ad
960 1009 1013 1064 d.
1051 1009 1085 1063 l.
1125 1010 1172 1063 si
1203 1022 1474 1066 constante
1509 1001 1592 1070 24.
1666 1044 1679 1058 .
1717 1001 1767 1057 b.
1787 1019 1823 1057 t.

204 1063 276 1127 Ut
334 1083 514 1136 tamen
557 1095 649 1144 per
710 1076 851 1132 hanc
885 1080 1027 1136 dotis
1078 1079 1476 1135 restitutionem
1532 1091 1621 1130 mu
1651 1077 1725 1129 ier
1760 1072 1822 1128 li-

199 1137 379 1199 beram
417 1144 565 1204 haud
618 1149 952 1215 adipi-catur
987 1146 1098 1216 ejus
1134 1148 1432 1206 alienandae
1480 1140 1825 1211 facultatem,

212 1211 294 1267 scd
331 1227 544 1274 tantum
578 1219 882 1274 securitatis
916 1235 1046 1288 ergo
1079 1219 1448 1275 detentionem
1496 1211 1607 1281 eius
1642 1216 1696 1272 &
1730 1214 1825 1271 ad·-

212 1282 673 1358 ministrationem,
721 1305 785 1344 ac
821 1289 889 1344 ad
917 1288 1234 1346 sustinenda
1274 1284 1607 1342 matrimonii
1661 1300 1824 1340 onera

214 1345 480 1412 fruetuum
532 1360 946 1428 perceptiorem,
999 1358 1048 1413 d.
1088 1360 1126 1415 Ι.
1164 1370 1249 1429 29.
1287 1358 1345 1412 C.
1379 1357 1443 1411 de
1466 1358 1599 1428 jure
1632 1353 1737 1409 dot.
1770 1353 1821 1408 d.

217 1427 394 1480 novell.
431 1440 521 1498 97.
561 1442 666 1494 cap.
703 1428 756 1484 6.
797 1425 989 1498 Neque
1028 1425 1167 1484 banc
1204 1432 1596 1485 restitutionem
1649 1438 1825 1481 stante

212 1496 554 1553 matrimonio
590 1495 890 1556 faciendam
946 1499 1168 1566 impedit
1202 1495 1387 1553 oblata
1444 1514 1536 1564 per
1570 1496 1823 1549 maritum

214 1564 398 1623 idonea
434 1573 635 1638 cautio,
670 1586 796 1624 cum
832 1568 927 1623 illa
966 1586 1133 1636 neque
1154 1565 1483 1625 malevolum
1517 1578 1688 1624 mutet
1708 1581 1821 1620 ma—

210 1635 301 1691 riti
337 1644 686 1709 propositum,
742 1641 788 1695 si
826 1656 857 1694 a
893 1639 1273 1710 predigalitate
1310 1636 1536 1708 luxuque
1572 1638 1819 1703 precedat

211 1706 408 1779 inopia,
443 1727 556 1784 arg.
592 1702 642 1783 §.
676 1711 879 1778 penult.
919 1707 984 1770 (θ’
1020 1711 1336 1780 transfluit.
1375 1709 1437 1763 de
1482 1706 1700 1774 snspetff.
1736 1724 1820 1762 m·

169 1831 178 1838 ,
207 1791 302 1832 tor.
338 1794 509 1844 neque
548 1782 896 1837 novercantis
936 1779 1162 1838 sortunae
1197 1778 1424 1853 gradum
1460 1782 1820 1846 impetumque

208 1849 376 1914 sistat,
434 1852 480 1906 si
522 1847 827 1914 iniprtunio
881 1866 944 1904 ac
996 1848 1208 1906 casibus
1248 1848 1482 1906 adversis
1534 1844 1823 1904 diminutio

203 1912 522 1977 facultatum
558 1920 805 1978 videatur
841 1920 1178 1990 imputanda,
1212 1937 1275 1975 ac
1310 1918 1477 1974 satius
1497 1920 1584 1984 sit,
1618 1914 1819 1974 intaeta

203 1986 412 2046 mulieri
451 1988 569 2057 iura
607 1996 934 2061 conservari,
971 2007 1130 2059 quam
1165 2002 1279 2058 post
1318 2002 1536 2042 causam
1573 1983 1820 2044 vulnera·

204 2068 311 2112 tam
349 2061 642 2118 remedium
678 2066 857 2131 quaeri,
894 2062 932 2115 l.
968 2061 1064 2116 ult.
1089 2062 1143 2115 C.
1165 2063 1222 2114 in
1255 2055 1391 2132 quib.
1430 2058 1605 2112 causis·
1641 2058 1819 2128 integr.

202 2130 464 2184 restitucio
497 2150 684 2186 necess.
723 2151 824 2184 mn
859 2147 950 2185 ert.
976 2126 1254 2196 Responsa
1289 2128 1472 2186 Jurisc.
1497 2121 1647 2182 Hoii.
1681 2141 1818 2194 part.

241 2239 252 2252 .
292 2201 470 2255 cornil.
509 2199 627 2255 256.
666 2200 945 2258 Tulclenus
985 2203 1064 2255 ad
1094 2198 1212 2256 cod.
1250 2197 1302 2255 b.
1338 2216 1380 2253 s.
1414 2218 1470 2253 n.
1500 2212 1552 2250 2.
1589 2198 1647 2249 in
1683 2194 1818 2250 med.

252 2270 355 2328 uod
393 2271 437 2325 si
477 2268 668 2328 mulier
704 2275 875 2328 sciens
913 2274 1057 2339 inopi
1097 2272 1354 2340 nupserit,
1406 2279 1499 2325 aut
1538 2262 1823 2323 facultates

200 2356 320 2396 suas
353 2338 482 2397 dolo
521 2339 603 2396 vel
643 2340 995 2413 culpa-atque
1031 2340 1390 2410 imprudentia
1446 2337 1634 2404 dissipa
1648 2355 1701 2393 re
1735 2355 1818 2394 so—

201 2407 319 2479 lito,
357 2415 449 2465 vix
483 2422 586 2476 est,
622 2426 682 2469 ut
718 2418 767 2474 ei
801 2424 980 2468 stante
1014 2412 1365 2468 matrimonio
1398 2410 1538 2468 dotis
1572 2407 1821 2474 repetitio

199 2478 729 2552 permitti-debeat,
783 2484 977 2550 quippe
1030 2501 1142 2551 quae
1195 2497 1312 2536 sero
1347 2493 1558 2536 accusat
1612 2493 1784 2534 mores

161 2565 328 2618 ‚quos
364 2546 622 2607 nubendo
659 2547 938 2620 prcbavit,
968 2568 1030 2606 ar
1072 2594 1085 2606 .
1122 2552 1156 2605 l.
1196 2553 1246 2604 si
1275 2571 1405 2604 uras·
1449 2541 1530 2604 13.
1589 2588 1599 2600 .
1639 2517 1820 2618 ulnfff

196 2616 277 2672 ud
309 2620 402 2690 leg.
440 2618 649 2672 Iule-de
687 2618 984 2688 adulteriis,
1040 2662 1053 2675 .
1093 2624 1229 2678 Imm
1264 2637 1456 2674 cautas
1511 2635 1542 2673 2
1583 2657 1596 2670 .
1633 2610 1687 2688 §.
1724 2617 1817 2672 ab·

190 2708 307 2743 esre
360 2705 410 2742 2.
432 2682 514 2758 ff:
571 2687 842 2761 mandati,
898 2693 933 2746 l.
974 2694 1023 2745 si
1057 2688 1248 2764 legibus
1291 2686 1369 2746 16.
1407 2688 1464 2742 C.
1514 2687 1578 2742 de
1612 2688 1816 2757 episcop.

188 2757 499 2826 audientia,
557 2758 592 2815 l.
629 2761 822 2817 mulier
871 2760 920 2816 5.
961 2780 1090 2816 veo-s.
1127 2758 1207 2815 his
1243 2757 1384 2815 illud
1425 2777 1619 2829 quoque
1653 2757 1709 2812 C.
1755 2758 1819 2812 de

185 2830 415 2898 rponral.
457 2844 556 2884 nec
593 2828 826 2886 fraudari
864 2832 1077 2889 videtur
1111 2842 1205 2885 aut
1241 2825 1496 2904 iniuriam
1533 2826 1665 2894 pati,
1702 2846 1817 2899 quae

188 2903 363 2956 sciens
397 2902 692 2970 consentit,
731 2901 766 2955 l.
804 2920 955 2954 nemo
989 2896 1195 2957 videtur
1237 2895 1350 2967 145.
1375 2897 1454 2967 ff.
1490 2896 1555 2950 de
1591 2914 1692 3024 re&
1717 2901 1815 2971 ju·

186 2969 261 3023 ris
296 2970 333 3023 l.
383 2960 519 3094 t.·b§.
555 2987 714 3041 usque
751 2968 879 3027 adeo
896 2968 946 3024 5.
955 2966 1034 3043 ff
1054 2970 1119 3025 de
1137 2969 1371 3040 injuriir.
1387 2962 1616 3025 Confer.
1695 2970 1814 3026 ndr.

187 3034 355 3111 Gayl.
390 3040 435 3096 le·
469 3060 514 3093 r.
552 3053 602 3094 2.
641 3037 836 3114 qbterv.
871 3040 960 3109 84.
1001 3038 1217 3097 Petrum
1253 3035 1551 3095 Barbosam
1584 3036 1669 3111 qd
1697 3038 1734 3092 Ι.
1774 3039 1819 3091 si

189 3122 468 3166 com-tame
503 3104 588 3176 24.
635 3106 692 3182 fi
727 3108 777 3164 b.
814 3126 851 3168 t.
888 3133 943 3168 n.
983 3109 1068 3166 26.
1104 3125 1192 3182 27.
1233 3106 1324 3171 An
1365 3121 1567 3176 autem,
1620 3108 1817 3165 marito

189 3194 368 3237 rursus
402 3178 473 3238 ad
507 3195 591 3236 me
617 3183 787 3239 iorem
825 3194 1134 3238 revertente
1170 3178 1469 3249 fortunam,
1517 3178 1615 3235 dos
1649 3185 1814 3235 etiam

188 3253 246 3305 in
283 3251 574 3320 pristinam
626 3267 841 3307 causam
875 3253 1072 3320 redire,
1126 3267 1190 3307 ac
1225 3253 1426 3304 marito
1475 3251 1683 3306 restitui
1721 3250 1814 3305 de·

187 3310 335 3391 beat,
369 3318 682 3378 dubitatum
716 3333 813 3377 est.
877 3322 1206 3393 Quaestionis
1239 3314 1445 3378 decisio
1477 3316 1549 3374 ab
1580 3334 1647 3374 eo
1682 3336 1813 3387 pen-

190 3388 318 3447 dere
352 3391 588 3459 videtur,
624 3408 698 3446 an
733 3409 822 3459 per
856 3390 1185 3461 opulentiam
1204 3389 1666 3459 supervenientem
1701 3406 1812 3444 ces-

188 3471 264 3517 set
296 3460 446 3521 dotis
479 3462 793 3519 amittenda:
830 3473 1019 3531 metus,
1054 3479 1118 3516 ac
1153 3472 1276 3518 tuto
1307 3461 1439 3516 satis
1489 3476 1573 3515 res
1607 3457 1813 3514 dotales
1871 3458 2125 3531 periatur.
2168 3454 2433 3526 Ulpianus
2469 3459 2525 3510 in
2543 3450 2649 3521 fta
2685 3457 2875 3511 menti:
2910 3476 2952 3514 e.

186 3531 389 3587 marito
421 3532 693 3587 committi
726 3543 963 3600 queant:
1072 3529 1144 3586 od
1180 3530 1394 3599 quidem
1434 3525 1589 3585 facile
1615 3529 1818 3586 admit-'

1887 599 2023 652 part.
2061 580 2111 638 5.
2149 599 2262 653 cap.
2300 582 2349 643 5.
2385 604 2441 638 n.
2479 587 2575 641 ult.
2614 582 2833 646 Petrum
2868 585 3162 658 Barbosam
3190 593 3272 648 ad
3296 591 3348 647 d.
3386 593 3425 649 Ι.
3459 597 3511 651 si

1889 671 2189 726 constante,
2221 653 2310 720 24.
2330 650 2412 727 ffi
2434 652 2484 709 b.
2505 672 2546 712 t.
2565 676 2618 710 n.
2641 649 2728 710 55.
2764 678 2815 713 et
2851 679 2983 740 seqq.

1957 719 2010 778 5.
2052 723 2248 781 Soluto
2283 725 2636 781 matrimonio
2669 727 2768 784 dos
2801 747 2866 785 ex
2920 746 3013 785 ure
3045 738 3316 790 communi
3355 751 3507 803 repe-

1888 793 2023 850 titur·
2056 795 2344 852 secundum
2382 792 2458 862 ius
2480 813 2681 851 novum
2714 815 2807 866 per
2829 815 2854 852 a
2915 804 3094 854 ionem
3124 821 3194 859 ex
3224 802 3509 876 stipulatu,

1896 861 2047 921 bonae
2086 862 2255 934 fidei,
2292 863 2719 937 privilegiatam,
2770 885 2882 934 qua:
2918 876 3166 928 successit
3226 880 3281 927 in
3321 873 3501 930 locum

1900 942 2088 990 veteris
2124 936 2203 991 rei
2259 937 2457 993 uxoriae
2491 931 2757 1005 aetionis,
2791 931 2843 1008 9.
2865 935 3056 1009 fuerat
3093 952 3178 1011 29.
3219 944 3400 998 Instit.
3436 943 3506 999 de

1893 1005 2085 1060 αέῖἰοη.
2125 1005 2163 1060 l.
2186 1007 2326 1060 unic.
2366 1007 2419 1059 C.
2446 1003 2510 1058 de
2546 1008 2624 1061 rei
2660 1009 2851 1063 uxoria
2886 1009 2993 1064 aa.
3018 1008 3169 1068 Inter
3206 1030 3335 1084 quas
3370 1013 3504 1071 duas

1889 1072 2130 1132 afflones
2166 1077 2291 1142 quid
2348 1073 2482 1128 olim
2519 1074 2858 1145 interfuerit3
2905 1079 3031 1149 quid
3069 1099 3135 1137 ex
3172 1086 3252 1141 rei
3301 1085 3504 1140 uxoriae

1888 1142 2097 1200 afflone
2133 1147 2190 1199 in
2229 1141 2499 1200 aetionem
2533 1163 2599 1202 ex
2633 1145 2892 1214 stipulatu
2927 1166 2958 1203 a
2994 1148 3290 1209 iustiniano
3324 1165 3504 1210 trans·
3562 1147 3571 1156 ⁸

1888 1212 2073 1293 latum.
2094 1216 2203 1280 sit3
2241 1234 2353 1286 qua:
2388 1215 2454 1272 de
2491 1233 2636 1271 novo
2671 1234 2764 1285 per
2796 1234 2920 1275 eum
2941 1218 3141 1276 aaroni
3176 1239 3241 1279 ex
3276 1222 3502 1291 stipula-

1889 1298 1948 1340 tu
1982 1282 2184 1342 adefia
2220 1303 2236 1350 3
2271 1304 2380 1354 quae
2416 1286 2648 1353 denique
2682 1287 2973 1358 singularia
3009 1305 3198 1357 praeter
3239 1289 3313 1358 ius
3347 1310 3500 1348 com-

1885 1370 2046 1411 mune
2084 1357 2140 1412 in
2176 1354 2363 1412 eadem
2398 1368 2609 1424 recepta
2645 1357 2787 1423 sint3
2828 1359 2947 1417 vide
2983 1362 3126 1428 apud
3146 1360 3428 1430 Cujacium
3445 1367 3505 1419 in

1879 1426 2122 1493 paratirl.
2164 1426 2209 1479 (⁵
2202 1423 2285 1479 od.
2305 1424 2369 1478 de
2404 1429 2483 1480 rei
2516 1445 2657 1481 uxor.
2677 1428 2784 1484 abl.
2818 1428 3086 1486 Vinnium
3123 1449 3186 1488 ac
3224 1447 3505 1503 parentem

1884 1512 2061 1551 meum
2099 1493 2327 1550 Paulum
2362 1492 2507 1552 Voet
2563 1494 2645 1548 ad
2667 1489 2718 1565 9.
2756 1511 2842 1569 29.
2878 1499 3059 1555 Inuit.
3102 1502 3166 1556 de
3205 1504 3400 1558 ac‘Je'on.
3441 1507 3497 1564 &

1887 1565 2047 1636 vulgo
2083 1562 2209 1621 DD.
2232 1563 2302 1620 ad
2337 1577 2544 1621 textum
2564 1577 2862 1635 utrumque.
2900 1563 2975 1625 Et
2995 1570 3355 1629 adventitiam
3380 1575 3501 1634 qui-

1881 1635 2004 1694 dem
2039 1637 2221 1693 dotem
2259 1653 2366 1691 non
2405 1635 2565 1691 modo
2598 1651 2811 1694 mortua
2829 1643 2885 1692 in
2926 1644 3278 1698 matrimonio
3313 1642 3502 1701 mulie-

1883 1724 1958 1776 re,
1994 1707 2083 1763 .‹ed
2120 1710 2171 1765 ἃ
2212 1723 2275 1762 ea
2309 1703 2489 1762 adhuc
2526 1710 2744 1764 vivente
2805 1708 2931 1764 dum
2954 1709 3197 1768 divortio
3236 1711 3320 1769 vel
3358 1729 3505 1770 mor-

1884 1790 1935 1833 te
1970 1778 2153 1832 mariti
2172 1776 2408 1833 diremtae
2445 1789 2573 1830 sunt
2592 1784 2791 1845 nuptia:
2854 1781 3045 1848 repetit
3063 1796 3377 1852 extraneus,
3414 1789 3506 1854 qui

1880 1846 2063 1904 dotem
2097 1848 2265 1912 dedit,
2300 1847 2353 1904 &
2393 1846 2774 1902 incontinenti
2811 1844 2916 1904 sibi
2951 1867 3068 1906 eam
3102 1850 3281 1910 soluto
3314 1858 3504 1909 matti-

1882 1919 2068 1974 mon'io
2105 1918 2316 1973 restitui
2356 1912 2538 1983 paetus
2571 1929 2672 1981 est,
2707 1918 2825 1973 sive'
2853 1928 3227 1980 consentiente
3263 1922 3505 1996 muliere,

1880 1992 1993 2042 sive
2029 1989 2205 2042 invita
2240 2002 2341 2049 eas
2379 1987 2459 2039 uti
2495 1987 2549 2043 &
2583 1992 2627 2042 si
2648 2001 2718 2043 ex
2741 1988 3028 2048 intervallo
3063 1992 3166 2048 sibi
3203 1995 3501 2050 restitutio-

1884 2072 2005 2112 nem
2040 2058 2182 2114 dotis
2213 2056 2355 2135 datae
2389 2054 2671 2122 stipulatus
2708 2052 2869 2113 fuerit
2904 2076 2971 2117 ex
3006 2080 3272 2120 consensu
3309 2063 3498 2121 mulie-

1883 2129 1956 2181 ris
1991 2127 2190 2185 dotatae
2209 2168 2228 2197 ,
2264 2126 2369 2193 juri
2404 2142 2504 2183 suo
2538 2126 2614 2181 sic
2650 2131 3023 2186 renunciantis
3044 2175 3061 2202 ‚
3100 2151 3210 2192 non
3232 2121 3379 2192 ‘item
3413 2151 3501 2189 ea-

1879 2198 2003 2253 dem
2038 2196 2406 2254 dissentiente.
2464 2192 2711 2263 Idemque
2744 2210 2864 2268 est,
2916 2201 2961 2258 si
2997 2216 3283 2260 extraneus
3316 2205 3499 2261 dotem

1879 2268 2017 2323 dans
2052 2265 2150 2322 sibi
2189 2267 2400 2336 quidem
2438 2262 2579 2320 nihil
2614 2263 2799 2334 paclus
2832 2274 2903 2324 sit
2925 2312 2941 2339 ,
2976 2272 3066 2328 sed
3102 2272 3262 2331 alteri
3300 2277 3498 2340 permi-

1879 2340 2043 2404 serit,
2079 2350 2139 2393 ut
2175 2340 2222 2394 is
2256 2334 2360 2391 sibi
2416 2337 2517 2404 ipsi
2553 2341 2609 2393 in
2647 2353 2832 2413 casum
2882 2343 3216 2400 matrimonii
3250 2342 3500 2400 dissoluti

1879 2408 2224 2477 stipularetur
2258 2407 2567 2464 adventitiae
2602 2407 2745 2464 dotis
2779 2412 3173 2468 restitutionem
3194 2454 3215 2485 ,
3246 2415 3279 2468 l.
3302 2415 3497 2482 quotien-

1882 2490 1967 2546 29.
2004 2471 2055 2546 §.
2104 2495 2142 2532 1.
2185 2479 2343 2544 Aqua
2378 2475 2512 2531 doaeir
2549 2469 2635 2531 55.
2674 2477 2786 2531 Ain
2822 2480 3060 2536 insulam
3138 2500 3187 2537 2.
3224 2475 3277 2555 9.
3315 2480 3496 2554 ulnff}

1879 2547 1930 2603 b.
1951 2566 1992 2603 t.
2031 2549 2187 2602 liceat
2226 2548 2386 2602 roleat
2425 2541 2511 2612 45.
2550 2536 2602 2615 9.
2652 2561 2694 2603 1.
2727 2542 2882 2616 fflde
2904 2553 3040 2622 jure
3111 2569 3180 2609 ot.
3220 2556 3254 2608 l.
3282 2570 3324 2611 1.
3362 2553 3398 2608 l.
3434 2574 3495 2610 ex

1881 2633 2041 2672 morte
2076 2631 2127 2686 9.
2166 2618 2219 2672 C.
2241 2617 2307 2671 de
2338 2616 2506 2685 pallis
2521 2619 2805 2672 emmam.
2826 2616 2887 2672 ab
2923 2638 3003 2673 rer
3042 2637 3124 2677 20.
3166 2617 3215 2697 §.
3264 2641 3310 2678 1.
3345 2619 3412 2694 ffi
3432 2622 3496 2678 de

1876 2690 2014 2756 ραέῗ.
2032 2688 2193 2743 dotal.
2227 2689 2264 2744 l.
2286 2689 2427 2744 unic.
2459 2677 2511 2757 9.
2551 2685 2752 2743 accedit
2796 2684 2873 2744 15.
2915 2690 2969 2745 C.
2993 2690 3057 2746 de
3091 2698 3170 2749 rei
3204 2714 3345 2750 uxor.
3385 2694 3493 2751 all.

1878 2756 2077 2830 (Adde
2110 2774 2151 2812 r.
2172 2756 2236 2811 de
2268 2759 2439 2827 pallis
2474 2756 2635 2810 dotal.
2673 2776 2725 2812 n.
2755 2754 2868 2827 11.)
2902 2755 3067 2831 Quod
3102 2764 3148 2818 si
3182 2782 3276 2835 per
3310 2779 3494 2820 extra-

1880 2845 2047 2885 neum
2084 2828 2367 2907 dotantem
2402 2824 2552 2881 nulla
2586 2825 2654 2882 de
2688 2830 3030 2887 restitutione
3082 2835 3376 2888 conventio
3411 2852 3493 2890 se-

1875 2896 2109 2955 cundum
2147 2913 2255 2960 Jam
2289 2895 2430 2956 die‘ta
2466 2894 2778 2954 inveniatur
2812 2902 3147 2970 interposita,
3185 2903 3269 2960 vel
3304 2901 3498 2960 mulier

1879 2969 1989 3036 ipsa
2026 2969 2092 3025 de
2124 2984 2223 3022 suo
2255 2969 2438 3024 dotem
2472 2964 2703 3048 dederit,
2738 2969 2794 3026 δε
2815 2981 2932 3038 post
2968 2976 3372 3030 matrimonium
3404 2991 3495 3028 so·

1878 3036 2047 3095 lutum
2095 3051 2350 3104 superstes
2383 3041 2467 3094 sui
2523 3038 2652 3104 1uris
2684 3043 2920 3110 existat,
2976 3041 3086 3110 ipsa
3121 3061 3219 3099 suo
3265 3043 3497 3100 arbitrio

1876 3127 1930 3164 re
2000 3113 2103 3176 tit,
2142 3110 2177 3162 l.
2199 3106 2383 3165 liberta
2419 3103 2506 3162 55.
2530 3102 2606 3175 ff
2644 3104 2695 3161 b.
2718 3123 2758 3161 t.
2779 3109 2814 3163 l.
2836 3110 2995 3166 liceat
3031 3112 3195 3168 soleat
3231 3111 3317 3180 45.
3351 3109 3403 3187 9.
3449 3132 3493 3170 1.

1866 3124 2021 3247 ῆῗριί
2041 3181 2175 3250 jure
2208 3178 2312 3233 det.
2334 3178 2419 3234 sin
2459 3176 2517 3233 in
2556 3178 2728 3243 patris
2762 3192 3023 3244 potestate
3058 3184 3150 3251 sit,
3185 3195 3340 3252 pater
3380 3181 3496 3251 iure

1875 3248 2063 3317 patrie
2095 3248 2379 3327 potestatis
2413 3264 2525 3303 non
2562 3261 2679 3314 su0,
2712 3245 2803 3305 sed
2844 3247 2962 3308 frliae
2980 3269 3083 3307 suae
3120 3258 3339 3310 nomine
3376 3270 3493 3308 mo-

1876 3331 1964 3374 vet
2001 3318 2058 3373 in
2097 3318 2298 3384 judicio
2329 3319 2397 3376 de
2430 3316 2730 3373 adventitia
2766 3315 2890 3374 dote
2926 3324 3285 3389 recuperanda
3320 3323 3492 3383 aetio-

1875 3402 2017 3444 nem.
2073 3384 2148 3443 Ut
2184 3401 2366 3444 tamen
2399 3386 2620 3443 absente
2654 3396 2801 3453 patre
2854 3385 2963 3444 filia
2988 3393 3111 3512 2⁵³
3148 3391 3360 3450 utiliter
3394 3409 3491 3450 ex-

3087 3459 3288 3518 dott‘bm
3341 3462 3395 3521 6.
3433 3455 3487 3534 §.

1869 3530 1922 3585 6.
1963 3532 2005 3583 l.
2039 3519 2245 3598 unie.§.
2282 3525 2486 3583 acced³t
2528 3519 2612 3580 15.
2692 3565 2704 3578 .
2726 3523 2789 3579 de
2823 3531 2901 3582 rei
2934 3548 3079 3584 uxor.
3100 3532 3208 3587 ati.
3228 3533 3265 3587 l.
3289 3535 3335 3587 ri
3368 3551 3492 3591 cum

185 3600 427 3670 tendum,
465 3597 560 3656 ubi
598 3618 768 3672 neque
803 3618 892 3668 per
926 3618 1014 3656 ma
1036 3618 1094 3658 os
1130 3614 1303 3659 mores
1336 3617 1480 3668 suos,
1516 3616 1686 3668 neque
1721 3615 1813 3666 per
1871 3598 2045 3654 dotem
2081 3612 2167 3651 22.
2189 3593 2430 3681 flore-pes·
2463 3610 2556 3650 tot.
2564 3590 2640 3664 ffi
2663 3592 2711 3650 h.
2731 3611 2907 3668 t.arg.
2930 3597 2962 3652 l.
2987 3601 3037 3653 ri
3068 3600 3265 3674 longius·
3308 3600 3391 3658 18.
3471 3644 3486 3658 .

157 3668 485 3729 notabilem
523 3670 942 3739 imprudentiam
976 3685 1136 3742 atque
1172 3675 1556 3738 temeritatem,
1606 3669 1698 3725 sed
1733 3666 1812 3724 fa-

1879 3687 1922 3725 1.
1949 3663 2022 3738 ff
2042 3667 2107 3722 de
2124 3666 2373 3738 judicia,
2409 3660 2606 3731 Lfilt’ur
2665 3667 2883 3749 nmilia-5
2917 3680 2972 3740 9.
3009 3668 3046 3724 l.
3071 3670 3128 3725 in
3143 3668 3375 3740 fbblum
3401 3691 3420 3728 1
3466 3714 3481 3728 .

185 3732 275 3797 &o
309 3740 462 3799 tertii
500 3752 600 3796 aut
636 3758 780 3810 casu,
816 3742 1039 3799 maritus
1073 3740 1143 3797 ad
1181 3752 1552 3808 paupertatem
1570 3735 1813 3795 redactus
1854 3735 2017 3811 ffide
2050 3735 2257 3861 ὤμω.
2279 3735 2346 3799 θ
2380 3735 2575 3792 aaron.
2643 3731 2785 3802 lane,
2819 3754 2865 3790 ει
2902 3739 3012 3808 ipsa
3048 3744 3104 3794 in
3142 3742 3493 3799 matrimonio

2139 3826 2174 3864 u

191 3802 384 3880 suerat,
421 3808 600 3868 veluti
633 3829 726 3879 per
757 3815 1034 3868 incursum
1068 3808 1323 3880 bostium,
1362 3816 1473 3866 vim
1505 3808 1812 3878 pradonum
1868 3818 2081 3869 mortua

1538 3920 1553 3935 .
1589 3880 1623 3933 Ι.
1668 3895 1709 3936 1.
1732 3873 1811 3955 ff.
1871 3884 2039 3937 ritum
2074 3875 2666 3955 remanebatxquoties
2702 3877 2991 3933 secundum
3043 3892 3174 3938 ante
3210 3881 3357 3941 dina
3393 3902 3488 3942 ex-

182 3891 277 3936 aut
309 3884 636 3953 piratarum,
670 3880 1005 3954 incendium,
1040 3875 1402 3952 naufragium,
1438 3894 1499 3935 ar

2177 3813 2318 3874 isset,
2335 3808 2433 3869 dos
2449 3804 2749 3862 adventitia
2783 3803 2915 3861 olim
2946 3825 3151 3878 semper
3182 3829 3344 3880 penes
3378 3831 3490 3870 ma-

165 3946 245 4017 ‚de
280 3967 450 4009 curat.
480 3947 675 4022 fiet-ios.
698 3993 717 4022 ,
751 3949 818 4013 Θ
853 3954 990 4007 aliis·
1015 3967 1164 4007 extra
1202 3954 1330 4007 min.
1366 3948 1477 4006 dan
1514 3971 1580 4021 es,
1614 3947 1650 4004 l.
1687 3966 1812 4005 cum
1872 3963 2093 4007 traneus
2127 3946 2231 4004 sibi
2267 3952 2656 4006 restitutionem
2675 3946 2745 4001 sti
2823 3945 2962 4004 latus
2978 3943 3090 4004 ’11011
3126 3964 3269 4022 erat,
3304 3949 3494 4023 Ulpia-

182 4020 306 4075 alir'r
339 4020 398 4080 6.
433 4020 491 4079 C.
530 4018 592 4074 de
629 4038 800 4078 curat.
819 4016 1023 4089 furiosi
1042 4040 1063 4073 .·
1095 4019 1130 4076 Ι.
1169 4039 1301 4077 cura
1335 4017 1636 4076 exsti-uem&
1666 4016 1728 4087 4.
1756 4010 1791 4104 9

1796 4060 1809 4074 .
1872 4040 1974 4079 nus
2008 4022 2064 4075 in
2124 4036 2377 4106 vagorem.
2414 4017 2471 4072 d.
2510 4032 2550 4072 t.
2566 4013 2621 4072 6.

2659 4008 2711 4085 9.
2785 4055 2800 4068 .
2837 4032 2900 4072 21·
2943 4059 2955 4071 .
2990 4020 3028 4074 l.
3050 4021 3252 4077 mulier
3305 4038 3389 4078 ao.
3416 4023 3490 4097 ffi

195 4106 240 4147 1.
261 4080 346 4165 ff
385 4088 450 4145 de
487 4110 695 4147 muner.
733 4089 798 4152 <5
834 4088 1006 4147 bonor.
1044 4084 1152 4148 Sed
1183 4082 1233 4149 ssi
1270 4087 1558 4147 manifesta
1593 4088 1808 4145 luxuria
1870 4091 1935 4146 de
1967 4014 2157 4146 congr.
2179 4093 2346 4146 roseit.
2372 4089 2407 4144 l.
2430 4085 2526 4144 saed
2554 4089 2603 4141 si
2636 4086 2757 4140 alia
2775 4081 2841 4170 ⁸5.
2922 4129 2937 4144 .
2958 4086 3024 4143 de
3059 4087 3206 4167 bqnis
3242 4091 3494 4151 damnat.

180 4155 290 4227 eius
325 4175 489 4230 atque
529 4157 842 4231 improbitas
864 4160 948 4218 vel
987 4160 1347 4230 imprudentia
1392 4173 1556 4242 atque
1592 4164 1810 4216 temeri·
1871 4160 1905 4216 Ι.
1927 4160 2101 4217 Celsus
2139 4175 2223 4216 22.
2262 4157 2330 4221 (⁰5
2364 4152 2657 4229 seqq.ff.de
2691 4153 2773 4209 rel
2816 4158 2958 4214 imit.
2995 4158 3254 4227 CuJacius
3287 4161 3405 4218 libr.
3441 4177 3498 4234 9.

181 4240 263 4286 tas
297 4230 552 4305 insignis,
587 4242 620 4286 a
657 4227 842 4299 iudicii
877 4224 1088 4289 defectu
1122 4226 1384 4300 profeEta,
1443 4246 1589 4298 prius
1623 4225 1809 4287 absor-
1867 4230 2066 4314 obser-p.
2105 4226 2160 4297 4.
2195 4229 2288 4288 sed
2324 4225 2435 4296 jure
2470 4241 2615 4284 novo
2651 4242 2743 4292 per

157 4368 288 4428 -iius
320 4375 520 4431 mutati
559 4384 1081 4454 appareant,·neque
1116 4367 1375 4454 hassequs
1392 4368 1647 4453 didicerit
1675 4286 1842 4452 ‘cau-³
1869 4311 2087 4426 potuit}
2536 4437 2550 4451 ·

179 4441 292 4500 tius
325 4444 578 4512 mercari,
628 4452 722 4498 aut
757 4439 1028 4505 abstinere
1061 4436 1134 4496 ab
1168 4441 1256 4511 iis,
1290 4458 1350 4496 111
1405 4435 1600 4509 quibus
1633 4438 1809 4508 vidit,
1865 4453 1968 4511 est,
2002 4453 2062 4496 ut
2096 4437 2365 4497 actionem
2399 4459 2465 4498 ex
2481 4433 2742 4506 stipulatu
2774 4437 2842 4494 ad
2880 4435 3097 4496 heredes
3131 4445 3499 4512 transmittat,
3592 4496 3598 4503 ,

183 4296 349 4359 bserit
382 4302 571 4359 mariti
595 4302 1019 4373 patrimonium,
1052 4316 1116 4357 ac
1151 4300 1381 4358 necdum
1400 4315 1574 4356 mores
1605 4300 1662 4354 in
1697 4312 1810 4355 me-

2828 4228 3010 4286 eredes
3048 4226 3287 4288 mulieris
3323 4236 3494 4301 repeti

2114 4314 2186 4356 eo
2219 4299 2362 4367 quod
2398 4296 2590 4353 mulier
2627 4292 2952 4369 intelligitur
2988 4300 3154 4357 tacite
3194 4301 3446 4371 stipulata
3474 4345 3495 4373 ,

1866 4369 1972 4428 sibi
2003 4386 2065 4426 so
2086 4380 2183 4425 uto
2217 4367 2569 4424 matrimonio
2585 4365 2766 4422 dotem
2804 4367 2991 4435 reddi3
3025 4370 3113 4425 cui
3148 4387 3483 4443 consequens

182 4513 510 4580 imperitiam
561 4523 722 4581 atque
782 4502 1195 4581 imprudentiam
1227 4525 1381 4568 ruam
1435 4506 1544 4565 sibi
1579 4508 1809 4587 damno·
1866 4509 1920 4565 A.
1940 4511 1977 4564 l.
1998 4510 2138 4566 unic.
2157 4504 2210 4583 9.
2247 4510 2335 4562 iilo
2364 4510 2540 4578 procul
2553 4504 2707 4567 dubio
2738 4501 2789 4562 6.
2826 4505 2893 4568 (9·
2924 4502 2977 4583 9.
3013 4509 3233 4568 accedit.
3262 4508 3483 4572 15.c·0d.

183 4582 308 4638 sam‘
335 4579 538 4651 fuisse3
573 4583 743 4652 magis
775 4595 875 4651 est,
916 4595 978 4641 ut
1015 4592 1148 4639 tnnc
1184 4598 1275 4650 per
1313 4596 1437 4649 opes
1454 4579 1523 4637 de
1559 4595 1709 4637 novo
1723 4575 1808 4635 al·
1866 4578 1933 4637 de
1968 4581 2047 4634 rei
2080 4599 2209 4634 ator
2243 4579 2351 4635 ali.

185 4648 328 4709 latas
357 4670 474 4711 non
511 4663 678 4712 cesset
714 4650 1007 4722 periculum
1042 4650 1355 4715 amittenda:
1376 4648 1553 4715 dotis}
1589 4663 1712 4705 cum
1745 4665 1809 4704 o-

1934 4646 1988 4717 4.
2024 4645 2396 4705 Ρτοΐεεὶὶτὶαιη
2428 4649 2617 4707 dotem
2637 4647 2780 4720 quod
2798 4644 3020 4715 attinet,
3051 4655 3098 4709 st
3132 4651 3347 4722 quidem
3382 4667 3482 4721 pa-

187 4720 429 4790 pulentia
467 4720 564 4780 illa
599 4739 714 4779 non
745 4722 915 4797 magis
967 4738 1146 4793 quam,
1181 4721 1366 4777 cautio
1400 4716 1604 4790 oblata,
1638 4729 1811 4776 mutet
1867 4731 1951 4775 ter
1991 4719 2048 4774 in
2082 4716 2388 4775 continenti
2423 4734 2540 4775 eam
2571 4718 2673 4776 sibi
2725 4715 2906 4799 soluto
2939 4723 3292 4778 matrimonio
3330 4722 3478 4781 reddi

461 4792 786 4869 geniumque
819 4792 1004 4909 nJriti
1039 4791 1112 4850 ad
1147 4788 1479 4861 perdendum
1521 4793 1676 4860 qussi
1710 4804 1810 4846 na·
1868 4785 2363 4861 apertestipulatus
2394 4789 2485 4859 rit,
2514 4790 2626 4848 sive
2644 4798 3017 4847 consentiente
3054 4794 3167 4851 siv'e
3203 4790 3379 4849 invita
3415 4788 3482 4848 fi-
