3971 5383
1636 8 1669 15 v

1379 184 1484 252 De
1530 187 1685 253 Ritu
1738 141 2167 276 Nupztarur'n.

266 269 516 336 dotalibus
567 273 627 330 in
662 274 1068 336 matrimonium
1101 276 1459 334 convenientes
1477 316 1496 348 ,
1553 277 1755 337 inducit

275 361 530 404 statutum
565 342 818 402 domicilii
854 345 1059 415 mariti,
1094 345 1183 402 vel
1212 366 1240 400 e
1273 348 1538 405 contrario
1584 348 1755 405 exclu-

272 415 365 487 dit,
402 420 568 473 etiam
602 411 765 471 tacit&
799 420 1079 491 conjugum
1110 416 1265 485 palio
1297 416 1519 475 inducia
1553 419 1636 475 vel
1668 437 1757 473 ex-

267 487 408 545 clusa
442 486 613 542 intelli
642 502 767 544 atur
806 505 1068 558 quantum
1105 485 1186 540 ad
1214 486 1509 545 immobilia
1558 491 1614 545 in
1650 489 1756 545 illis

269 562 367 614 sita
402 556 540 625 locis,
576 577 613 611 u
648 556 670 609 i
701 558 1029 612 contrarium
1063 573 1331 614 statutum
1368 561 1524 632 viget,
1558 562 1609 614 si
1643 580 1756 615 mo-

270 625 329 682 do
361 624 500 684 illud
521 622 913 693 prohibitorium
947 644 1050 682 non
1085 628 1172 693 sit,
1216 648 1325 698 seu,
1361 630 1409 684 si
1444 647 1546 685 non
1581 642 1758 701 vetet,

263 712 346 766 per
375 696 536 764 pacta
572 699 841 753 contraria
877 694 978 751 sibi
1011 693 1288 770 derigat-ig
1322 716 1388 754 ac
1424 697 1621 770 satisfit
1665 699 1757 756 ob·

257 761 565 836 jeiiionibus
602 768 788 822 variis.
1733 815 1756 840 ,

153 831 222 894 ffi.
252 836 472 905 Superior
507 833 700 891 decisio
733 851 836 892 nun
872 833 1028 892 babet
1064 835 1256 906 locum,
1291 839 1340 894 si
1374 857 1397 892 s
1456 856 1582 894 nsus
1616 854 1757 894 tem·

263 921 373 976 pere
407 906 715 973 nuptiarum
752 905 1086 964 domicilium
1122 926 1278 963 suum
1334 927 1371 961 a
1463 907 1632 966 locum
1666 907 1758 965 do-

268 976 445 1033 micilii
482 991 671 1042 sponsa
706 970 991 1046 transferre
1026 978 1368 1033 constituerit.

153 1040 221 1115 87.
252 1046 339 1120 An
355 1067 417 1116 eff
436 1047 747 1117 migratione
764 1049 1045 1119 conjugum
1064 1047 1146 1101 ad
1158 1048 1325 1104 locum
1345 1043 1450 1101 alio
1458 1043 1587 1116 jure
1608 1061 1758 1103 uten-

265 1133 368 1178 tem
397 1119 542 1174 circa
577 1117 1014 1184 communionem,
1047 1116 1271 1173 tollatur
1303 1118 1613 1188 communio,
1649 1135 1760 1188 quae

266 1185 332 1243 ab
349 1189 505 1245 initio
538 1189 846 1253 nuptiarum
878 1201 995 1242 erat
1031 1184 1274 1257 indulia,
1308 1183 1374 1248 Θ
1409 1188 1523 1244 vice
1557 1185 1756 1245 versa?

263 1258 332 1313 Et
367 1252 513 1328 quid,
546 1257 596 1310 si
627 1258 951 1312 nominatim
984 1259 1171 1313 testati
1205 1259 1310 1311 sint
1348 1256 1584 1343 conjuges
1645 1255 1761 1312 ‚sibi

179 1391 182 1394 Α
265 1329 399 1383 circa
433 1329 854 1386 communionem
881 1326 1089 1393 placere
1140 1327 1264 1382 novi
1297 1323 1568 1386 domicilii.
1585 1297 1762 1399 leges?

151 1390 220 1453 88.
254 1395 397 1469 Quid
412 1399 566 1469 juris
602 1399 744 1451 circa
778 1398 1195 1452 communionem
1215 1435 1234 1465 ,
1270 1395 1316 1448 si
1348 1402 1576 1456 maritus
1624 1416 1760 1453 tem-

258 1481 370 1536 pore
403 1468 715 1534 nuptiarum
739 1468 795 1520 in
831 1463 1027 1522 duobus
1051 1464 1193 1536 locis,
1230 1464 1431 1523 diverso
1454 1471 1588 1541 jure
1609 1480 1759 1524 uten-

268 1536 424 1605 tibus,
456 1533 794 1594 domicilium
814 1530 1047 1607 foveat?
1775 1599 1782 1608 .

153 1596 223 1671 89.
254 1607 367 1663 Non
399 1603 671 1662 inducitur
707 1607 1005 1661 communio
1038 1624 1104 1660 ex
1137 1603 1335 1673 nuptiis
1386 1623 1510 1662 cum
1564 1607 1764 1662 minore

259 1677 362 1734 sine
393 1691 679 1746 parentum
713 1674 801 1731 vel
830 1689 1071 1731 tutorum
1088 1690 1188 1731 aut
1217 1691 1534 1746 agnatorum
1553 1693 1762 1732 consen·

267 1768 328 1804 su
361 1747 512 1802 initis
533 1785 553 1815 ,
588 1749 636 1801 si
669 1765 736 1799 ea
771 1746 964 1802 minori
997 1743 1259 1804 anosa
1296 1746 1384 1800 sit.
1421 1747 1520 1802 An
1563 1760 1648 1814 per
1684 1765 1762 1799 se-

260 1814 455 1873 cundas
496 1814 709 1885 nuptias
767 1816 826 1870 in
872 1812 1241 1886 prajudicium
1276 1812 1556 1874 liberorum
1611 1815 1767 1884 primi

263 1885 394 1943 tbori
410 1878 445 1940 ,ἶ
479 1886 581 1941 An
673 1908 700 1940 r
749 1897 1132 1953 praematurum
1191 1890 1363 1953 sponsi
1413 1905 1537 1943 cum
1583 1900 1765 1953 sponsa

264 1953 591 2014 concubitum
609 1999 621 2010 .
668 1955 765 2010 An
794 1969 885 2026 per
921 1957 1326 2014 matrimonium
1357 1958 1665 2024 putativum
1684 1949 1719 2011 ,Ρ

147 2034 220 2095 9ο.
255 2025 559 2108 Communia
594 2026 695 2083 boec
715 2024 1024 2133 .‘0'.³⁷“38‘¹l¹‘5
1043 2044 1119 2081 an
1152 2027 1479 2083 continuetur
1495 2041 1603 2097 post
1625 2045 1765 2081 mor·

266 2111 371 2151 tem
407 2115 568 2152 unius
601 2113 836 2168 conjugis
856 2137 868 2148 .
925 2101 1128 2153 remiss·

147 2172 223 2235 91.
258 2167 345 2222 An
379 2163 446 2227 Θ
481 2162 694 2236 quando
719 2162 1144 2232 presumendum
1200 2168 1271 2222 sit
1284 2206 1303 2235 ,
1352 2167 1767 2223 communionem

279 2233 613 2308 conjugalem
650 2234 788 2290 inter
823 2237 1064 2310 conjuges
1099 2254 1207 2289 esse
1221 2232 1260 2292 ,ἶ

148 2312 219 2374 92.
253 2304 404 2378 Quid
433 2305 637 2361 intersit
658 2306 797 2360 inter
841 2306 1116 2361 ocietatem
1132 2304 1420 2374 pacticiam
1426 2304 1579 2375 juris
1599 2305 1767 2362 civilis

270 2375 645 2443 universalem,
681 2371 749 2434 (9⁶
818 2393 923 2430 anc
941 2378 1297 2434 statutariam
1318 2380 1454 2432 inter
1470 2380 1709 2450 conjuges
1732 2371 1764 2430 ,ἕ

151 2437 222 2516 ᾧ.
256 2444 322 2502 Ut
354 2444 576 2514 offellus
611 2446 918 2511 nuptiarum
954 2445 1125 2502 locum
1161 2443 1395 2502 babeant
1413 2484 1431 2512 ,
1467 2465 1541 2500 an
1576 2446 1643 2507 Θ
1679 2443 1771 2503 ubi

264 2532 544 2571 consensus
582 2516 693 2570 sine
726 2512 996 2572 concubitu
1033 2513 1260 2585 sufficiat
1276 2513 1311 2572 ἕ
1345 2513 1438 2574 ubi
1449 2530 1632 2584 prater
1649 2535 1766 2573 con-

275 2604 489 2642 sensum
523 2580 821 2640 concubitus
857 2582 1194 2653 requiratur?

151 2649 227 2724 94.
258 2652 438 2713 Ibsita
469 2650 772 2711 concubitus
827 2656 1137 2710 necessitate
1157 2695 1178 2726 ,
1229 2671 1558 2716 recensentur
1612 2659 1773 2717 varia

297 2726 589 2791 uaestiones,
624 2741 733 2794 quae
760 2723 902 2779 circa
921 2727 944 2780 i
973 2745 1092 2781 sum
1111 2722 1444 2783 concubitum
1463 2727 1772 2802 agitantur?

149 2790 223 2861 95.
256 2746 421 2869 guod
448 2796 498 2849 si
533 2808 639 2862 post
671 2794 893 2862 peracta
946 2794 1378 2853 enuntiationum
1414 2803 1668 2856 solemnia
1686 2801 1771 2855 al·-

268 2880 467 2922 teruter
503 2882 681 2919 moras
717 2864 899 2920 net‘lat
933 2865 989 2919 in
1023 2865 1221 2935 nuptiis
1284 2867 1650 2925 contrahendis
1672 2910 1689 2939 ,
1722 2888 1772 2926 et

265 2955 402 2992 mors
440 2935 659 2991 interim
695 2935 1044 3061 sulwrveniat,
1077 2955 1156 2992 an
1188 2933 1407 3008 effodias
1441 2941 1776 2996 matrimonii

261 3002 481 3110 perindg
532 3003 705 3061 locum
777 3000 970 3063 abeant
989 3045 1011 3079 ,
1062 3025 1128 3064 ac
1163 3010 1213 3063 si
1267 3008 1462 3081 ineptia
1495 3010 1776 3069 contraiiae

268 3091 436 3131 essent
456 3117 468 3128 .
1367 3124 1378 3137 ,

149 3142 227 3214 96.
262 3146 380 3219 Quo
412 3165 579 3218 usque
606 3161 698 3216 per
733 3147 901 3231 palia
934 3146 1139 3207 dotalia
1196 3147 1415 3221 effitffus
1468 3152 1776 3220 nuptiarum

278 3216 547 3290 restringi,
585 3218 776 3290 minut,
815 3218 931 3275 tolli
962 3222 1156 3289 possint
1171 3214 1210 3279 ,Ρ
1243 3224 1449 3283 remiss.

150 3292 225 3355 97.
257 3285 343 3342 De
376 3310 452 3347 nu
483 3287 582 3343 ttis
619 3290 899 3346 contraitis
936 3291 992 3346 in
1026 3289 1149 3346 locis
1166 3331 1186 3361 ,
1222 3309 1330 3362 qua
1364 3286 1581 3349 subsunt
1615 3288 1775 3348 socie—

273 3358 380 3417 tati
450 3352 590 3414 ndiae
626 3354 1004 3418 Occidentalis.

149 3422 221 3491 9&
252 3426 336 3487 De
369 3425 610 3485 secundis
646 3443 698 3484 et
733 3427 1063 3486 ulterioribus
1099 3432 1308 3501 nuptiis.
1365 3430 1449 3488 De
1488 3432 1643 3499 poenis
1676 3450 1774 3487 nu-

266 3500 506 3566 ptiarum
543 3497 692 3557 intra
729 3517 936 3556 annum
971 3496 1146 3557 lullus
1201 3520 1241 3555 a
1276 3498 1443 3557 vidua
1496 3502 1776 3559 initarum.

373 3573 384 3585 “
454 3567 610 3625 bodie
647 3565 882 3626 obtineat
915 3571 1059 3627 circa
1098 3568 1230 3627 bunc
1271 3590 1475 3629 annum
1512 3570 1681 3628 lullus
1703 3564 1738 3624 ,θ

313 3637 407 3696 uid
427 3641 562 3711 jure
601 3639 750 3695 civili
781 3654 832 3695 et
868 3638 1097 3698 moribus
1115 3637 1372 3708 obtineat,
1406 3644 1453 3698 si
1469 3638 1530 3696 ob
1564 3640 1771 3698 diutur-

278 3729 409 3766 nam
445 3709 642 3765 mariti
674 3705 978 3766 absentiam
1015 3710 1206 3768 mulier
1240 3710 1402 3767 alteri
1417 3707 1584 3767 nubat
1641 3727 1688 3767 et
1707 3732 1781 3767 an

276 3782 466 3850 nuptia
481 3780 1090 3850 posteriorerrevertente
1102 3782 1268 3850 primo
1284 3781 1480 3837 marito
1499 3751 1780 3851 infirman-

285 3849 359 3904 da
394 3852 499 3907 sint
520 3845 557 3905 ,ἶ
614 3848 771 3923 Quid
798 3849 1093 3924 agendum,
1128 3853 1176 3907 si
1208 3852 1340 3921 prior
1373 3866 1782 3920 reversussponte

282 3920 409 3978 velit
423 3919 599 3977 cedere
623 3961 641 3991 ,
659 3939 709 3978 et
729 3925 927 3978 marito
979 3918 1199 3980 secundo
1218 3941 1461 3979 uxoreme
1481 3919 1784 3991 relinquere?

161 4003 266 4047 100.
302 3992 506 4062 Nuptiae
541 3989 780 4049 secunda
817 3989 987 4049 liberis
1017 3990 1204 4063 prioris
1240 3988 1376 4048 tbori
1410 3990 1572 4051 solent
1619 3989 1780 4049 dam-

279 4080 408 4117 nosa
443 4082 575 4120 esse.
614 4060 777 4134 Quod
806 4060 956 4117 modo
993 4061 1179 4119 multis
1218 4060 1339 4117 locis
1357 4076 1546 4131 parens
1566 4059 1782 4123 binubus

287 4149 411 4189 ante
446 4133 659 4203 nuptias
694 4130 867 4190 liberis
900 4133 1083 4203 prioris
1119 4126 1254 4189 tbori
1273 4128 1409 4191 bona
1443 4133 1676 4202 parentis
1695 4132 1786 4189 de-

270 4199 456 4270 fithi
490 4206 763 4276 assignare
797 4199 989 4260 debeat
1012 4197 1046 4256 ,θ

165 4283 278 4329 101.
313 4272 471 4330 Panae
508 4272 864 4331 secundarum
897 4272 1212 4343 nuptiarum
1244 4272 1391 4342 plerae
1425 4276 1491 4328 'ue
1542 4291 1682 4343 eque
1733 4275 1792 4328 in

285 4346 546 4403 masculis
582 4363 649 4400 ac
669 4340 908 4413 faminis
946 4346 1117 4400 locum
1138 4339 1347 4399 babent.
1412 4345 1554 4399 rima
1573 4357 1673 4423 est,
1685 4362 1791 4414 qua

286 4417 572 4473 amittitur
578 4418 882 4539 droprietas
917 4416 1251 4485 quaesitorum
1285 4432 1325 4467 a
1355 4415 1521 4481 priore
1547 4415 1791 4486 conjugi,

291 4500 344 4541 et
376 4484 515 4544 cedit
538 4485 579 4542 li
638 4487 711 4539 ris
743 4485 907 4553 primi
923 4480 1078 4541 thori.
1113 4483 1211 4540 An
1221 4497 1282 4538 et
1309 4486 1665 4554 amittantur,
1683 4501 1793 4555 qaae

293 4571 508 4612 tantum
543 4555 809 4611 occasione
841 4556 1027 4622 prioris
1063 4554 1299 4627 conjugis
1331 4555 1401 4608 ab
1432 4570 1676 4609 extraneo
1693 4550 1793 4606 da-

315 4623 418 4680 ta?
452 4629 552 4682 An
570 4642 623 4681 et
658 4644 769 4696 qua·
804 4646 833 4679 e
870 4623 992 4697 legis
1027 4642 1124 4682 aut
1161 4641 1249 4678 sta
1267 4626 1374 4683 tuti
1407 4620 1649 4695 beneficio
1665 4642 1798 4695 que-

328 4697 439 4752 sita
475 4717 506 4751 e
546 4692 690 4752 bonis
722 4698 909 4765 prioris
946 4697 1178 4771 conjugis
1195 4688 1230 4748 ,ἶ

152 3642 227 3707 99-

3270 179 3355 252 15

1957 281 2067 352 sita
2102 298 2170 333 eat
2203 278 2520 335 successione
2556 274 2834 336 liberorum
2883 277 3050 347 primi
3072 276 3212 335 thori
3246 274 3317 333 ab
3352 280 3438 336 in·

1958 365 2170 420 testato,
2204 366 2460 419 quatenus
2497 347 2596 404 illa
2631 368 2669 404 a
2698 363 2919 419 parente
2949 345 3297 417 prada-sunno
3326 364 3446 418 pro-

1936 417 2097 494 fec‘ia
2149 434 2269 477 sunt
2293 457 2308 476 .
2364 419 2719 475 Recensentur
2747 418 2983 487 plurima
3002 458 3021 490 ,
3072 437 3185 489 qua
3234 420 3448 491 conjugi

1954 486 2146 547 binubo
2179 507 2282 546 non
2316 485 2634 546 adimuntur
2671 490 2727 544 in
2758 503 2967 558 punam
2986 529 3002 548 ‚

1820 557 1939 622 103.
1975 561 2075 616 An
2110 555 2176 621 Θ
2208 560 2489 626 proprietas
2524 557 2786 630 legitima,
2818 576 2927 626 qua
2957 554 3260 628 parentibus
3296 553 3442 613 debi-

1963 646 2025 687 ta
2062 650 2126 684 ex
2177 625 2326 684 bonis
2365 624 2646 685 liberorum
2667 668 2686 699 ,
2718 630 3013 684 amittatur
3058 644 3149 696 per
3184 627 3440 684 secundas·

1955 699 2192 767 nuptias,
2228 711 2491 773 quatenus
2526 695 2660 752 bona
2680 693 2961 756 liberorum
2997 719 3034 753 a
3063 714 3285 767 parente
3311 713 3443 768 pra-

1953 764 2201 842 desumo
2229 766 2464 894 prffella
2500 784 2624 824 sunt
2646 762 2681 821 ,2

1821 841 1940 913 104-
1973 837 2248 905 Adempta
2320 833 2472 892 inubo
2506 837 2595 893 vel
2624 834 2843 908 binuba,
2877 834 3065 893 cedunt
3102 836 3278 896 liberis
3309 841 3448 907 prio-
3466 885 3477 898 .

1970 913 2044 967 ris
2081 906 2219 964 thori
2253 905 2544 977 aqualiter,
2577 908 2700 963 licet
2734 910 3063 977 inaqualiter
3091 911 3308 977 parenti
3318 924 3447 979 pra-

1952 974 2199 1051 defunb'lo
2236 972 2445 1032 heredes
2483 981 2590 1033 sint
2609 999 2628 1032 .·
2662 975 2759 1040 sed
2785 979 2835 1036 si
2850 978 3013 1033 terti!
3047 995 3307 1047 quartaeve
3342 1002 3447 1039 nu-

1949 1054 2072 1121 ptia
2106 1049 2238 1116 sint,
2287 1041 2510 1106 ademta
2545 1046 2666 1102 solis
2703 1043 2895 1108 cedunt
2930 1045 3107 1106 liberis
3160 1048 3308 1106 illius
3338 1067 3439 1122 pa-

1956 1118 2153 1186 rentis,
2178 1135 2217 1169 a
2253 1133 2350 1185 quo
2386 1110 2622 1185 profi-bia
2656 1133 2804 1175 sunt.
2949 1167 2957 1180 ,

1823 1194 1937 1255 105.
1976 1191 2052 1245 Ca
2085 1190 2201 1244 iunt
2237 1182 2388 1242 liberi
2419 1183 2641 1241 ademta
2677 1183 2886 1255 binubo,
2920 1186 3044 1242 licet
3072 1192 3282 1254 parenti
3312 1206 3443 1261 pra-

1955 1259 1999 1316 d
2045 1257 2199 1316 uncto
2235 1251 2441 1311 heredes
2475 1275 2577 1312 non
2594 1259 2898 1325 extiterin53
2933 1258 3041 1312 nisi
3061 1261 3216 1328 juste
3236 1257 3450 1324 suerint

2053 1322 2491 1400 ingratitudinem
2522 1323 2595 1381 ab
2627 1346 2685 1385 eo
2720 1324 3048 1383 exbaredati.
3120 1328 3183 1382 Si
3209 1335 3449 1397 parentis

1954 1393 2296 1471 pradefunoii
2330 1413 2411 1451 res
2447 1391 2634 1452 binubo
2668 1400 2910 1467 quaesitas
2946 1395 3014 1460 (9·
3044 1411 3133 1463 per
3150 1417 3277 1455 eum
3312 1402 3449 1462 alie-

1959 1485 2122 1528 natas
2160 1463 2306 1522 liberi
2358 1464 2626 1522 vindicare
2650 1471 2849 1535 possint
2868 1506 2889 1536 ,
2940 1469 2999 1524 si·
3022 1465 3211 1525 binubo
3237 1477 3451 1539 pas-emi

1961 1535 2172 1597 heredes
2204 1536 2467 1591 extiterint
2487 1530 2521 1587 ἕ

1827 1608 1943 1672 106.
1981 1609 2078 1664 An
2117 1604 2185 1667 Θ
2218 1601 2479 1673 nepotibus
2514 1624 2579 1658 ex
2599 1603 2741 1680 filiis
2769 1609 2953 1673 prioris
2987 1607 3127 1664 thori
3156 1607 3446 1683 pradefhn-

1959 1679 2065 1737 Bis
2103 1674 2207 1731 baec
2242 1672 2463 1732 ademta
2500 1671 2736 1734 cedant?
2768 1678 2865 1736 An
2899 1674 2966 1742 (tt
3000 1675 3275 1736 heredibus
3295 1681 3448 1751 filio·-

1960 1769 2084 1807 rum
2116 1744 2386 1802 extraneis
2400 1737 2438 1799 ἒ

1829 1836 1944 1894 107.
1980 1820 2078 1875 An
2110 1831 2307 1874 cessent
2323 1829 2472 1885 poenae
2492 1819 2768 1883 superiores
2825 1819 2875 1872 si
2906 1835 3084 1873 omnes
3113 1821 3299 1885 prioris
3330 1819 3446 1878 tbo·

1960 1890 2009 1946 ri
2048 1884 2198 1943 liberi
2232 1886 2353 1943 vive
2381 1898 2599 1952 parente
2628 1885 2758 1952 binu,
2793 1908 2819 1942 o
2853 1890 3143 1945 morientur
3159 1884 3195 1941 ,ἶ
3229 1892 3326 1945 An
3360 1889 3448 1960 θ,

1962 1961 2010 2016 si
2044 1953 2268 2014 binubus
2301 1955 2436 2012 vivis
2489 1952 2662 2011 liberis
2688 1958 2874 2025 prioris
2909 1955 3045 2018 tbort‘
3097 1958 3179 2016 ad
3206 1958 3447 2019 viduita-

1960 2045 2069 2087 tem
2108 2030 2305 2083 iterum
2340 2020 2648 2097 redigatur?

1830 2095 1943 2159 108.
1981 2099 2072 2156 De
2089 2099 2352 2165 cautione,
2401 2113 2534 2150 uam
2552 2091 2781 2152 binubus
2800 2111 2899 2153 aut
2909 2094 3114 2153 binuba
3135 2101 3454 2167 interponere

1957 2164 2109 2224 debet
2139 2180 2230 2235 pro
2266 2183 2352 2222 mo
2385 2161 2540 2220 ilibus
2557 2185 2594 2217 a
2606 2168 2774 2236 priore
2809 2167 3021 2240 conjuge
3056 2166 3171 2229 &a
3189 2166 3450 2240 proftcsiis.

1831 2252 1951 2313 209.
1991 2239 2111 2310 Quo
2146 2254 2307 2306 usque
2355 2248 2503 2300 poena
2536 2238 2811 2303 superiores
2844 2255 2905 2291 ex
2936 2238 2976 2293 l.
3014 2233 3064 2292 5.
3101 2241 3159 2297 &
3194 2237 3248 2295 5.
3285 2241 3351 2298 C.
3384 2241 3452 2297 de

1947 2306 2180 2434 sebeund.
2217 2315 2371 2413 ngtpt.
2412 2308 2469 2362 in
2503 2303 2798 2368 Hollandia
2850 2303 2918 2370 (5
2955 2307 3241 2379 Ultrajecii
3273 2307 3447 2368 adbuc

1964 2401 1994 2437 o
2028 2382 2232 2434 tineant
2252 2418 2265 2430 .

1834 2466 1855 2507 1
1870 2467 1947 2510 ιο.
1985 2449 2071 2507 De
2101 2461 2267 2519 pana,
2303 2467 2370 2505 ne
2406 2444 2628 2506 binubus
2642 2448 2762 2513 plus
2790 2442 3034 2519 torserat
3070 2450 3127 2503 in
3163 2446 3450 2508 secundam

1965 2519 2240 2594 conjugem
2260 2560 2278 2591 ,
2312 2537 2476 2589 quam
2512 2517 2721 2589 reliquit
2754 2520 2805 2574 ei
2837 2538 2899 2573 ex
2933 2514 3111 2583 liberis
3127 2558 3146 2587 ,
3164 2522 3254 2575 cui
3288 2521 3456 2575 mini-

1967 2611 2120 2648 mum
2157 2589 2399 2648 relib'iune
2434 2604 2559 2643 est..
2617 2585 2725 2645 uod
2752 2587 2980 2655 amplius
2999 2586 3213 2658 datum,
3248 2588 3453 2644 adimi-
3486 2589 3492 2596 ’

1968 2679 2073 2722 tur.
2112 2657 2316 2736 Quibus
2368 2673 2494 2721 tunc
2527 2657 2571 2714 li
2631 2662 2705 2716 ris
2738 2651 2943 2715 cedat!
2988 2658 3087 2713 An
3120 2656 3187 2722 Θ·
3240 2657 3452 2744 conjugi

1971 2730 2207 2789 secunda
2236 2745 2324 2799 pro
2354 2731 2581 2798 portione
2601 2727 2772 2798 filiali
2789 2722 2823 2784 ,Ρ
2855 2729 2954 2784 An
2986 2725 3057 2788 5&
3089 2726 3354 2798 nepotibus
3389 2749 3457 2786 tn

1970 2800 2193 2872 stirpes?
2232 2800 2306 2857 Et
2338 2797 2472 2883 quid
2481 2839 2500 2871 ,
2536 2803 2583 2856 si
2609 2800 2846 2869 plurium
2878 2802 3189 2866 nuptiarum
3223 2802 3459 2858 anterio-

1973 2894 2097 2931 rum
2135 2869 2285 2928 liberi
2318 2866 2457 2925 sent?
2748 2922 2763 2929 ,

1840 2962 1860 3002 1
1875 2962 1895 3003 ι
1919 2960 1968 3000 1.
2004 2945 2137 3017 Qua
2170 2945 2253 2999 ita
2289 2936 2461 2996 liberis
2490 2941 2677 3009 prioris
2712 2936 2849 2997 tbori
2880 2937 3075 2994 cedunt
3093 2979 3111 3010 ,
3144 2958 3250 2995 non
3284 2940 3455 3007 impu-

1973 3029 2163 3071 tantur
2198 3013 2255 3068 in
2291 3009 2584 3083 legitimam
2601 3030 2621 3062 .·
2654 3028 2774 3078 nec,
2804 3013 2852 3067 si
2886 3013 2983 3065 uni
3016 3028 3077 3064 ex
3112 3007 3284 3067 liberis
3312 3013 3457 3079 prio·

1971 3087 2047 3140 ris
2081 3081 2219 3139 thori
2253 3083 2431 3137 minus
2451 3079 2695 3141 relilium
2714 3082 2784 3135 sit
2814 3098 2983 3152 quarn
3017 3077 3257 3162 lffiitima
3272 3099 3300 3145 ,-
3332 3094 3455 3149 sup-

1978 3153 2303 3222 plementum
2338 3149 2579 3223 legitima
2611 3169 2673 3203 ex
2694 3148 2788 3207 .bis
2821 3147 3082 3215 ademptis
3118 3147 3238 3216 fieri
3269 3146 3415 3205 debet
3437 3189 3457 3218 ,

1978 3222 2077 3278 sed
2098 3238 2186 3292 per
2202 3218 2413 3278 heredes
2446 3239 2624 3276 omnes
2651 3233 2741 3288 pro
2766 3236 2893 3277 rata
2923 3220 3171 3288 portionis
3194 3215 3459 3275 berenica-

1971 3296 2067 3350 ria
2096 3293 2355 3361 prestari.

1840 3379 1862 3420 1
1876 3376 1958 3423 12.
1993 3358 2092 3419 An
2108 3360 2260 3419 liberi
2296 3362 2478 3430 prioris
2498 3359 2631 3419 tbori
2663 3380 2889 3418 avocare
2917 3363 3110 3429 possin:
3129 3357 3317 3414 relilla
3334 3379 3456 3415 con-

1974 3448 2063 3489 tra
2083 3430 2121 3487 l.
2141 3430 2244 3487 hac
2256 3426 2500 3505 odiost-411,
2518 3433 2558 3488 si
2592 3436 2798 3501 parenti
2814 3428 3004 3488 binubo
3036 3427 3244 3488 heredes
3264 3430 3463 3485 extite-

1972 3501 2122 3561 rint?
2160 3502 2235 3557 Et
2270 3498 2405 3571 quid
2418 3542 2436 3572 ,
2466 3503 2516 3556 si
2547 3514 2734 3569 parens
2787 3499 3010 3559 binubus
3047 3499 3111 3555 id
3139 3514 3460 3556 testamento

1971 3588 2199 3643 expresse
2228 3567 2557 3638 prohibuerit,
2590 3574 2677 3628 vel
2690 3570 2838 3630 liberi
2872 3576 2922 3629 ei
2955 3574 3075 3630 vivo
3102 3570 3459 3641 promiserint,

1977 3662 2036 3699 se
2066 3660 2169 3700 non
2203 3654 2511 3696 avocaturos
2533 3638 2557 3695 ?

1844 3731 1866 3772 ι
1886 3708 1966 3771 15.
2004 3714 2101 3769 An
2135 3708 2461 3780 impediatur
2510 3717 2758 3772 avocatio
2778 3711 3113 3769 donatarum
3147 3713 3286 3765 inter
3320 3708 3465 3765 vivos

1980 3800 2162 3839 contra
2178 3777 2308 3843 ,d.1.
2327 3777 2428 3835 hac
2462 3778 2701 3851 edffiali,
2736 3785 2784 3837 si
2820 3797 3005 3839 mutuo
3026 3779 3314 3853 conjugum
3349 3797 3470 3834 con-

1984 3872 2140 3911 sensu
2182 3849 2398 3907 donatio
2432 3850 2662 3907 resoluta
2710 3853 2787 3906 sit
2803 3846 2837 3905 ἓ
2868 3867 2969 3908 aut
2998 3870 3066 3906 ex
3100 3869 3156 3905 eo
3210 3846 3354 3919 quod
3378 3863 3465 3917 po·

1979 3937 2102 3980 stea
2146 3919 2356 3977 donans
2394 3917 2630 3978 ‚binubus
2653 3918 2769 3991 fiat
2821 3940 2925 3977 non
2958 3919 3134 3978 solven
3173 3940 3201 3975 o
3217 3940 3242 3986 ς
3294 3919 3368 3973 sic
3402 3934 3465 3974 ut

1983 4009 2112 4051 tunc
2146 3987 2492 4047 immoderate
2526 3987 2704 4046 cedere
2738 3988 2942 4048 deberet
2958 3992 3014 4047 in
3032 3992 3145 4046 aeris
3181 3988 3349 4045 alieni
3382 4006 3469 4041 ex-

1979 4058 2331 4120 solutionem?

1853 4150 1873 4191 1
1887 4129 1969 4203 14.
2006 4135 2103 4189 An
2124 4132 2382 4189 avocatio
2400 4128 2750 4187 immoderate
2766 4130 3069 4191 reliliorum
3104 4144 3264 4186 cesset
3299 4147 3360 4184 ex
3384 4148 3451 4182 eo

1979 4201 2129 4275 quod
2154 4201 2344 4259 relicta
2379 4200 2720 4271 repudiantur
2752 4220 2791 4255 a
2826 4203 3011 4258 vitrico
3066 4216 3166 4257 aut
3201 4167 3475 4257 noverca.3

1855 4271 1973 4332 115.
2011 4275 2110 4329 An
2141 4291 2245 4328 non
2279 4291 2339 4327 ex
2357 4289 2434 4338 ee,
2465 4268 2604 4341 quod
2616 4290 2696 4326 res
2751 4270 2842 4327 Ru
2877 4267 3224 4325 immoderate
3259 4268 3465 4325 relic‘lo·

1987 4346 2110 4400 rum
2212 4361 2329 4399 rens
2364 4336 2588 4399 binubus
2623 4359 2647 4394 s
2718 4343 2967 4399 stitutum
3000 4336 3186 4397 dedit?

1855 4409 1970 4471 116.
2008 4414 2120 4485 Oui
2176 4410 2325 4482 juris
2348 4450 2367 4480 ,
2403 4402 2454 4467 ii
2485 4409 2617 4482 quid
2635 4424 2728 4478 per
2776 4411 3139 4480 interpositam
3196 4423 3472 4476 personam

1990 4481 2339 4539 immoderate
2369 4477 2602 4537 datum?
2654 4479 2731 4535 Et
2765 4479 2899 4551 quid
2923 4481 2972 4535 si
3009 4475 3232 4535 binubus
3287 4498 3473 4536 execu-

1989 4556 2093 4609 tori
2140 4557 2455 4609 testamenti
2485 4553 2570 4609 sui
2601 4552 2821 4619 iusserit
2838 4589 2857 4621 ,
2910 4566 2970 4608 ut
3006 4551 3063 4605 in
3095 4569 3224 4605 usus
3285 4566 3481 4607 secrete

1990 4626 2238 4690 expositos
2272 4644 2327 4677 er
2383 4638 2433 4678 et
2467 4637 2669 4678 certem
2702 4638 3044 4679 nummorum
3080 4625 3443 4690 quas-nitatem
3464 4660 3486 4690 ,

1992 4710 2060 4748 ac
2094 4692 2312 4760 suspicio
2327 4640 2557 4766 Jraudis
2591 4697 2657 4748 sit
2675 4687 2710 4744 ,2
3212 4688 3223 4699 '

169 4780 282 4827 102·
315 4762 400 4825 De
428 4781 599 4839 poena,
629 4784 739 4845 qua
773 4761 998 4827 binubus
1038 4781 1138 4828 aut
1176 4760 1372 4828 binuba
1407 4764 1617 4825 amittit
1652 4780 1790 4835 quae·
1853 4774 1982 4835 117.
2012 4762 2120 4823 An
2142 4782 2373 4825 nova-ca
2422 4761 2512 4821 vel
2538 4764 2764 4823 vitricus
2790 4774 2993 4831 ,propter
3046 4755 3084 4819 1.
3118 4757 3228 4817 hac
3262 4758 3481 4822 :dietata
