3971 5383
1101 115 1128 144 N

603 195 695 264 32

1772 199 1915 266 Lib,
1968 195 2214 263 XXIII.
2268 200 2397 266 rit.
2452 195 2534 264 Π.

500 309 536 350 a
555 288 860 359 carpzovio
894 286 1050 359 defin.
1074 286 1275 363 finem.
1285 303 1422 416 6ρων.
1442 303 1494 345 2.
1510 290 1719 346 constit.
1747 287 1832 358 14.
1864 288 2028 361 defin,
2048 283 2135 348 50.
2194 289 2278 345 ad
2300 295 2386 349 tit.
2405 291 2460 352 C,
2484 308 2549 346 ne
2582 305 2708 348 uxor
2718 298 2813 358 pro
2829 285 3026 344 marito
3043 303 3098 348 n.
3116 284 3169 347 6.
3192 283 3453 360 Respons.
3471 285 3657 347 Iurisc.
3675 265 3819 346 Hols

499 363 820 422 Christiano
882 361 961 415 ad
991 360 1116 434 Leg.
1161 363 1283 419 Met
1319 363 1469 416 siens.
1505 363 1608 418 tir:
1626 370 1684 430 9.
1719 377 1826 416 art.
1862 358 1918 428 4.
1954 379 2009 417 n.
2056 356 2134 414 16.

493 434 724 505 aliisque
759 449 1033 499 expressus
1067 432 1398 489 desideratur
1431 433 1620 487 mariti
1653 447 1969 499 consensus,
2001 445 2135 498 qua·

497 506 545 560 si
582 505 860 573 prasentia
898 505 950 560 &
989 507 1230 571 scientia,
1265 519 1391 558 cum
1426 503 1807 562 taciturnitate
1826 496 2135 567 0001110613,

497 587 715 631 tantum
752 568 906 629 finus
944 590 1229 628 consensus
1261 583 1435 643 esset,
1487 587 1601 627 non
1637 572 1768 630 satis
1806 567 1959 634 firmo
1996 570 2133 632 niti-

497 659 588 703 tur
625 640 1004 712 fundamento,
1039 661 1162 698 cum
1200 644 1387 711 utique
1420 641 1493 698 ad
1530 646 1743 708 nuptias
1780 638 2012 696 filiorum
2050 635 2133 694 fa·

493 714 676 776 milias
713 732 866 770 verus
902 710 1062 771 fuerit
1096 715 1374 783 requisitus
1410 714 1646 778 parentis
1678 726 1985 780 consensuS,
2023 709 2136 765 imo

497 783 706 856 jussus,
750 798 827 851 pr.
867 781 1000 840 Imt.
1037 781 1102 837 de
1136 785 1331 852 nupsiir
1350 802 1374 847 ;
1409 786 1464 840 61
1503 794 1687 840 tamen
1710 821 1728 851 ,
1763 781 1812 837 si
1834 794 2000 847 ,pater
2036 795 2128 834 co-

494 856 665 931 gnitis
699 856 780 914 sui
820 849 960 910 filiis.
1001 854 1205 921 nuptiis
1241 851 1388 908 haud
1421 849 1833 920 contradixerit,
1871 848 1977 906 ille
1997 865 2132 926 cork-

493 943 652 998 aensu
690 922 914 983 firmata
955 924 1115 981 fuisse
1149 923 1403 979 dicuntur
1439 928 1496 977 in
1532 919 1585 975 d.
1624 922 1661 975 Ι.
1682 919 1733 976 5.
1755 920 1812 975 C.
1833 918 1898 974 de
1915 921 2129 988 nuptiis.

491 995 570 1054 Et
604 1013 734 1052 sane
766 1009 865 1062 est,
898 995 1041 1063 quod
1076 991 1351 1049 silentium
1388 991 1593 1060 mariti,
1627 991 1720 1062 qui
1750 988 2130 1054 contradicen-

492 1069 566 1125 do
621 1069 673 1124 &
733 1062 1005 1133 loquendo
1040 1064 1303 1132 potuisset
1337 1057 1539 1123 ’0811111
1594 1061 1781 1118 uxoris
1836 1061 2131 1130 impedire,

490 1136 748 1195 adversus
780 1153 906 1192 eum
942 1136 1382 1202 interpretemur,
1418 1145 1737 1204 argumento
1768 1146 1975 1200 eorum,
2010 1147 2127 1198 qua:

490 1208 684 1336 goliath.
721 1203 794 1259 de
822 1201 1307 1279 insci-rogationibus
1343 1207 1402 1260 in
1426 1200 1559 1274 jure
1581 1199 1852 1275 faciendis
1889 1220 2042 1263 num.
2069 1212 2126 1271 9.

534 1281 546 1292 '
606 1295 634 1331 a
672 1287 820 1331 sunt.

563 1344 654 1414 43.-
691 1343 855 1416 Quod
890 1346 935 1403 si
974 1362 1146 1414 neque
1193 1360 1459 1404 consensu
1491 1357 1741 1411 expresso
1792 1353 1886 1398 aut
1921 1343 2128 1412 tacito,

498 1433 668 1488 neque
704 1413 1100 1473 ratihabitione
1133 1421 1361 1472 maritus
1396 1415 1652 1478 uxorium
1671 1410 2012 1476 00011εὲ1001
2034 1410 2126 1465 fir-

489 1488 746 1551 maverit,
780 1485 961 1543 soluto
995 1499 1177 1552 tamen
1216 1485 1573 1543 matrimonio
1606 1498 1778 1552 uxor,
1815 1478 1921 1550 jam
1961 1481 2124 1540 vidua

493 1554 671 1626 sacia,
708 1554 849 1614 reete
885 1558 1101 1626 petierit
1136 1550 1447 1613 contradus
1484 1552 1890 1619 implementum
1923 1549 1995 1610 ab
2028 1568 2124 1619 eo,

490 1644 718 1696 quocum
754 1633 1056 1696 contraxit,
1091 1632 1137 1683 si
1172 1626 1229 1684 id
1264 1623 1368 1681 sibi
1406 1624 1651 1691 expedire
1685 1633 1873 1691 putet,
1909 1623 2026 1679 sive
2059 1637 2126 1679 eo

494 1702 558 1753 in
594 1698 714 1754 loco
745 1697 906 1769 degat
937 1737 955 1767 ,
988 1698 1081 1753 ubi
1118 1699 1174 1755 &
1214 1696 1327 1763 ipsa
1364 1707 1481 1763 post
1517 1691 1732 1749 obitum
1770 1693 1875 1746 viri
1909 1707 1980 1748 ex
2018 1697 2125 1747 suis

489 1764 897 1838 contraeiibus,
951 1779 1129 1823 stante
1162 1768 1512 1821 matrimonio
1561 1763 1706 1818 clam
1764 1763 1883 1818 viro
1932 1761 2123 1832 initis,

492 1838 776 1896 conveniri
815 1851 1027 1908 potest,
1060 1840 1173 1894 sive
1206 1849 1399 1893 contra
1437 1853 1507 1892 ne
1542 1832 1719 1892 soluto
1753 1833 1968 1902 quidem
2005 1849 2122 1886 rna-

494 1910 759 1965 trimonio
797 1921 1058 1967 statutum
1091 1903 1365 1965 efficacem
1401 1904 1652 1964 adversus
1695 1920 1820 1961 eam
1853 1898 2123 1960 saionem

492 1980 794 2047 concedat,
823 1996 889 2037 eo
923 1978 1068 2046 quod
1101 1976 1297 2033 mulier
1331 1972 1683 2045 contrahenS,
1716 1974 1848 2031 dum
1882 1969 1987 2029 sub
2006 1988 2121 2027 ma-

497 2054 590 2107 riti
627 2049 800 2107 tutela
835 2061 937 2119 est,
975 2066 1086 2104 non
1121 2044 1390 2106 absimilis
1425 2042 1657 2103 habetur
1694 2042 1897 2113 pupillo
1917 2041 2122 2100 velmi·

497 2125 618 2180 nori
642 2161 659 2190 ,
713 2126 831 2176 sine
866 2124 1059 2176 tutoris
1094 2130 1188 2174 aut
1219 2119 1488 2178 curatoris
1541 2111 1866 2174 111180τί1010
1897 2125 2121 2169 contra-

489 2191 637 2249 &um
656 2230 674 2261 ,
708 2203 922 2259 mutuas
953 2187 1314 2262 obligationes
1385 2187 1730 2255 reducentem
1749 2225 1768 2253 ,
1802 2180 2123 2255 celebranti,

490 2280 650 2334 quem
685 2263 769 2332 iis,
802 2259 1122 2332 quibuscum
1154 2270 1347 2316 contra
1392 2262 1455 2327 it,
1490 2272 1602 2310 non
1638 2253 1904 2325 obligari,
1938 2267 1997 2310 at
2031 2271 2123 2310 eos

491 2332 596 2389 sibi
627 2334 857 2386 omnino
893 2328 1088 2388 habere
1121 2327 1411 2399 obligatos,
1444 2339 1689 2394 apertum
1722 2338 1800 2386 est
1819 2341 1885 2386 ex
1899 2324 2118 2392 princip.

498 2403 679 2458 Instie.
716 2400 782 2456 de
816 2401 1127 2457 nullon-irat.
1161 2415 1319 2462 tuton.
1359 2399 1395 2452 l.
1429 2397 1680 2456 Julianus
1721 2388 1805 2452 15.
1840 2387 1895 2467 5.
1931 2396 1980 2449 si
2007 2397 2123 2466 qais

494 2494 533 2527 a
566 2471 756 2544 pupillo
773 2484 862 2541 29.
894 2465 963 2538 ff]
994 2468 1060 2524 de
1092 2470 1202 2528 abl.
1240 2483 1366 2523 emt.
1404 2484 1521 2538 arg.
1559 2465 1594 2520 l.
1616 2484 1739 2522 cum
1758 2463 2050 2521 interdiHae
2066 2463 2120 2522 6.

496 2545 552 2598 C.
590 2541 880 2598 arbitrium
914 2537 1119 2606 καιρίας
1136 2534 1495 2610 Tyraquellus
1528 2536 1591 2589 de
1610 2529 1800 2609 legibus
1819 2532 2121 2600 connubia).

486 2614 637 2686 glors.
657 2612 708 2667 ὅ.
731 2625 798 2668 n.
815 2626 871 2684 9.
910 2611 1092 2670 Sande
1118 2609 1276 2666 decit.
1299 2608 1482 2665 Frist’c.
1500 2604 1615 2661 libr.
1637 2621 1688 2660 2.
1708 2606 1795 2661 n't.
1820 2601 1873 2673 4.
1890 2602 2047 2675 defin.
2067 2600 2123 2668 5.

491 2699 622 2756 port.
663 2681 799 2739 med.
854 2676 1322 2754 Quemadmodum
1355 2696 1454 2743 nec
1488 2674 1710 2743 dubium
1765 2694 1878 2735 esse
1911 2687 2084 2745 potest
2103 2718 2122 2746 ,

495 2762 629 2825 quin
677 2753 925 2823 exemplo
977 2752 1296 2823 pupillorum
1317 2791 1336 2822 ,
1388 2751 1508 2807 sine
1558 2744 1878 2804 anaoritate
1931 2751 2125 2809 tutoris

495 2823 974 2895 contrahentium,
1026 2828 1249 2879 maritus
1282 2824 1339 2882 ἃ
1377 2835 1516 2877 uxor
1548 2814 1839 2885 efficaciter
1875 2812 2124 2889 obligen-

498 2911 625 2965 tur,
657 2910 920 2974 quatenus
953 2910 1020 2965 ex
1055 2895 1238 2951 uxoris
1269 2884 1584 2959 contraau,
1614 2894 1734 2956 sine
1767 2888 1954 2943 mariti
1990 2904 2122 2943 con-

498 2983 654 3023 sensu
708 2967 851 3022 inito
888 3005 905 3035 ,
959 2962 1332 3033 locupletiores
1366 2954 1494 3017 fassi
1528 2971 1655 3025 sunt
1680 2997 1699 3027 ,
1753 2958 1835 3022 ita
1884 2953 2125 3017 diRante

499 3035 742 3092 naturali
773 3035 987 3092 ratione
1020 3038 1072 3091 ἃ
1115 3040 1365 3101 aequitate
1375 3070 1395 3100 ,
1427 3046 1541 3101 arg.
1575 3029 1670 3102 lag.
1738 3026 1927 3095 upiIlus
1961 3026 2014 3082 5.
2046 3042 2121 3095 pr.

498 3105 566 3168 θ
599 3100 662 3178 §J
700 3123 744 3163 1.
787 3101 864 3174 ff
894 3104 960 3159 de
995 3105 1238 3162 auHon't.
1274 3101 1340 3165 Θ
1378 3119 1510 3156 cons.
1546 3116 1649 3155 tut.
1815 3114 1853 3152 o
1884 3095 2126 3161 Grotius

501 3175 817 3251 manuduH.
853 3175 934 3230 ad
949 3172 1247 3247 jurisprud.
1282 3172 1429 3228 Holl.
1449 3167 1539 3227 lib.
1567 3186 1614 3225 1.
1651 3115 1829 3237 ειρῒιξ.
1865 3187 2017 3224 num.
2038 3162 2123 3223 58.

397 3312 406 3321 ,
499 3245 561 3307 N
563 3248 830 3303 eostadius
883 3244 949 3300 de
979 3245 1150 3316 paliis
1196 3256 1466 3310 antenupt-
1504 3236 1757 3295 σόαι-ναι.
1792 3249 1846 3309 9.
1898 3240 1954 3294 in
1990 3239 2126 3294 noti»-

502 3323 562 3375 in
581 3315 720 3443 flag,
756 3318 894 3373 Abr.
930 3310 1199 3455 ZWesel
1232 3312 1294 3369 de
1329 3307 1630 3369 connubiali
1662 3309 1837 3365 societ.
1873 3309 2035 3365 trull.
2071 3324 2123 3365 2.

502 3409 569 3444 ca
601 3428 615 3442 .
692 3429 705 3442 .
743 3408 893 3444 num.
1003 3427 1035 3449 .,

567 3401 659 3526 Ξᾼ
695 3454 793 3513 Est
831 3469 1031 3525 tamen,
1066 3453 1160 3511 ubi
1196 3471 1334 3523 uxor
1350 3456 1466 3510 sine
1483 3453 1607 3509 viro
1641 3448 1784 3509 reae
1817 3445 2122 3507 contrahit:

499 3545 627 3584 nam
662 3533 706 3583 si
742 3526 812 3584 ab
847 3526 958 3585 alio
988 3525 1244 3595 stipulata
1280 3531 1388 3594 sit,
1423 3523 1601 3579 aliove
1638 3520 1799 3576 modo
1832 3517 2126 3589 obligatio-

492 3614 622 3655 nem
654 3615 721 3655 ex
753 3601 1142 3665 conventione,
1174 3594 1244 3652 ab
1275 3611 1385 3652 uno
1418 3605 1637 3659 tantum
1657 3588 2126 3661 laterefobligato-

497 3675 599 3740 ria,
635 3672 970 3736 quaesiverit,
1005 3667 1367 3728 dubitandum
1405 3681 1516 3720 non
1554 3677 1634 3722 est
1659 3702 1676 3731 ,
1711 3667 1839 3729 quin
1876 3659 2129 3729 exemplo

497 3745 515 3751 “
569 3739 683 3808 pilli
718 3736 857 3796 reue
890 3737 1012 3806 sibi,
1045 3739 1344 3808 maritoque
1362 3736 1566 3804 pariter
1597 3730 1713 3799 obli
1750 3735 1947 3787 ationis
1978 3747 2126 3788 emo-

494 3759 795 3867 ffimentum
829 3815 906 3866 ita
939 3818 1110 3878 paret,
1147 3822 1261 3879 arg.
1273 3806 1483 3874 princip.
1507 3806 1684 3861 [nuit.
1805 3802 2006 3863 audior.
2037 3818 2124 3857 tu-

495 3900 590 3937 tor.
621 3879 915 3938 dummodo
950 3880 1205 3945 sciamus,
1240 3882 1442 3932 marito
1475 3875 1614 3944 soli,
1651 3889 1759 3929 non
1800 3877 1931 3928 item
1965 3872 2125 3927 uxori

489 3952 632 4006 clam
666 3952 799 4017 viro,
822 3948 1066 4006 debitum
1087 3945 1196 4004 tale
1211 3943 1545 4007 conti-auum
1560 3944 1763 4005 exsolvi
1782 3959 1932 4010 posse
1973 3938 2126 3998 Neo-

492 4022 698 4078 stadius
716 4021 883 4077 Curia
915 4032 1048 4085 supr.
1071 4016 1326 4074 decinffl.
1364 4018 1504 4073 51101
1536 4018 1593 4074 ἀ
1631 4031 1801 4081 casus,
1835 4013 1926 4079 qui
1968 4030 2028 4068 us
2062 4030 2123 4067 11-

495 4109 614 4163 xor,
648 4088 848 4158 absque
884 4091 1001 4151 viro
1018 4085 1364 4156 contrahens,
1396 4106 1472 4158 se,
1504 4087 1858 4154 maritumque
1889 4076 2123 4139 efficaci·

497 4178 581 4222 ter
614 4158 915 4233 obligatum
949 4160 1164 4229 reddin
1193 4174 1487 4228 utcunque,
1520 4152 1861 4212 contraiium
1894 4153 2123 4208 damno-

495 4247 613 4290 sum
630 4250 759 4300 esse,
792 4243 1014 4289 eventus
1031 4230 1314 4295 docuerit3
1351 4241 1499 4296 puta,
1517 4229 1561 4282 si
1582 4223 1795 4294 publica
1833 4222 2123 4289 ffercatrix

494 4305 587 4374 sit,
620 4306 819 4357 marito
854 4306 1238 4369 permittente,
1272 4312 1367 4365 aut
1405 4295 1677 4365 jubendo,
1712 4305 1806 4350 aut
1844 4309 1954 4352 non
1993 4309 2123 4348 con·

497 4372 841 4431 tradicendo:
878 4372 925 4428 si
959 4360 1123 4428 modo
1173 4380 1477 4437 mercatum
1515 4368 1720 4424 intuitu
1753 4375 1882 4427 cont
1915 4368 2086 4423 axerit
2106 4403 2123 4432 ,

491 4442 838 4503 Chassenaeus
870 4440 955 4496 ad
978 4440 1279 4498 consuetud.
1303 4437 1567 4512 Burgund.
1586 4432 1843 4502 rubric.4.
1918 4473 1931 4487 .
1976 4450 2027 4497 1.
2057 4435 2125 4490 ad

2190 375 2330 430 part.
2348 356 2399 415 5.
2439 361 2536 418 vol.
2566 378 2610 418 1.
2647 357 2829 415 cons-il.
2857 355 2973 428 154.
3014 356 3210 419 Wesel
3245 357 3309 412 de
3342 356 3646 416 connubiali
3676 362 3821 415 socia-

2193 447 2296 488 rat.
2315 431 2479 488 trabi.
2494 446 2548 486 2.
2560 443 2674 499 cop.
2695 423 2747 484 5.
2786 448 2841 486 n.
2860 443 2945 500 27.
2984 425 3068 484 28.
3107 429 3285 497 ibique
3319 428 3471 499 plura
3504 442 3683 490 statut
3760 448 3819 486 ac

2194 499 2323 559 DD.
2360 502 2535 558 citati.
2574 497 2705 557 Sive
2738 498 3106 570 principaliter
3140 506 3514 570 contraxerit,
3548 506 3665 559 sive

2192 569 2407 645 jusserit
2444 583 2760 632 mercatura
2799 571 3042 642 intuitu,
3074 572 3189 630 sive
3223 568 3455 643 delegari
3491 590 3546 630 se
3581 568 3658 626 ob
3691 588 3819 628 mer-

2190 655 2436 706 caturam
2472 657 2624 710 passa
2658 644 2729 696 sit
2751 680 2770 708 ,
2804 642 2917 697 sive
2952 656 3198 699 mutuum
3237 643 3307 699 ad
3342 655 3707 698 mercaturam
3737 658 3819 697 ac-

2189 718 2405 782 ceperit,
2442 708 2527 777 vel
2562 711 2732 771 etiam
2767 727 3002 782 merces,
3039 716 3095 767 in
3131 711 3324 780 quibus
3360 713 3713 784 negotiatur,
3744 713 3818 781 pi-

2188 785 2347 856 gnori
2381 779 2745 907 obligaverit,
2778 779 2889 836 imo
2940 784 2997 839 &
3032 799 3113 839 res
3146 781 3283 839 alias
3318 780 3662 853 immobiles,
3696 800 3820 854 quo-

2187 856 2288 911 ties
2325 856 2492 908 immo
2532 849 2686 908 ilium
2720 849 3071 923 obligationi,
3109 869 3200 919 per
3234 851 3514 912 mulierem
3550 867 3651 920 pro
3679 870 3821 910 mer·

2192 937 2384 982 catura
2422 920 2702 992 faciende,
2738 934 2941 979 statuta
2977 939 3089 978 non
3127 937 3312 991 aperte
3347 921 3732 990 intercedunt3
3762 940 3822 981 eo

2187 995 2331 1064 quod
2365 994 2592 1050 maritus
2610 1030 2640 1074 ,·
2665 993 2981 1061 permittens
3031 994 3186 1049 uxori
3210 1013 3325 1054 sug
3361 994 3819 1065 negotiationem,

2186 1070 2351 1122 etiam
2389 1080 2453 1119 ea
2489 1078 2677 1120 omnia
2698 1063 2997 1134 permisisse
3015 1064 3313 1121 censendus
3347 1076 3448 1134 est,
3484 1064 3605 1121 sine
3676 1063 3819 1121 uibus

2186 1135 2488 1205 negotiatio
2525 1134 2626 1191 ista
2645 1133 2929 1190 commode
2963 1133 3224 1203 explicari
3261 1137 3470 1205 nequit,
3503 1150 3566 1187 ar
3609 1176 3621 1188 .
3664 1176 3677 1190 .
3698 1130 3823 1203 11.ᾔῖ

2185 1206 2250 1262 de
2271 1202 2662 1278 jurisditffiono.
2687 1199 2851 1277 Hugo
2886 1200 3110 1260 Grotius
3130 1201 3184 1260 d.
3205 1203 3322 1260 libr.
3352 1224 3395 1261 1.
3435 1218 3547 1272 cap.
3612 1247 3625 1259 .
3666 1225 3722 1261 n.
3739 1202 3819 1276 57

2187 1273 2556 1340 Rodenburch
2610 1272 2676 1327 de
2697 1274 2831 1346 jure
2865 1277 3148 1347 conjugum
3182 1279 3266 1330 tiz.
3300 1291 3350 1331 2.
3388 1289 3501 1342 cap.
3535 1270 3592 1330 5.
3650 1296 3707 1332 n.
3738 1292 3817 1333 20.

2183 1346 2520 1424 Carpzovius
2554 1340 2707 1468 dffin.
2718 1340 2919 1414 fimns.
2946 1360 3086 1414 part.
3107 1359 3159 1402 2.
3197 1348 3400 1402 constit.
3441 1344 3519 1401 15.
3546 1344 3718 1419 defin.
3745 1344 3818 1404 16-

2185 1416 2321 1475 Abr.
2343 1434 2375 1471 a
2414 1417 2589 1473 Wese
2644 1411 2710 1472 dr
2772 1412 2959 1471 onnub.
2995 1418 3240 1471 societate
3277 1417 3435 1472 trall-
3462 1431 3511 1471 2.
3546 1433 3664 1485 cap.
3685 1412 3736 1473 3.
3771 1435 3820 1471 n.

2190 1501 2292 1568 ²92
2315 1484 2384 1551 Θ
2418 1505 2551 1556 seqq.
2590 1473 2710 1542 N‘ec
2730 1488 2974 1557 interest,
3009 1495 3194 1543 utrum
3210 1487 3572 1559 minorennis,
3606 1504 3681 1542 an
3703 1504 3821 1544 vero

2181 1561 2512 1625 mayorennis
2547 1571 2685 1611 uxor
2718 1556 2825 1611 sit:
2858 1573 2983 1611 curn
3017 1558 3167 1612 enim
3188 1573 3297 1613 non
3318 1575 3415 1614 suo
3454 1560 3699 1627 nomine,
3731 1555 3821 1614 sed

2181 1630 2354 1713 magis
2386 1640 2640 1697 tanquam
2676 1626 2921 1683 institrix
2958 1644 2991 1681 a
3029 1628 3259 1685 virosuo
3292 1628 3661 1698 negotiationi
3699 1646 3822 1696 prz-

2182 1713 2355 1769 posita
2389 1702 2498 1766 sit,
2533 1695 2768 1764 adeoque
2807 1696 2910 1754 viri
2944 1697 3168 1756 nomine
3221 1713 3286 1752 ac
3322 1698 3584 1754 mandato
3620 1695 3821 1755 intelli-

2179 1781 2339 1843 gatur
2372 1766 2722 1836 contraxisse,
2760 1766 3031 1824 rsstitutio
3063 1783 3130 1824 ex
3152 1764 3252 1822 hac
3287 1783 3445 1825 causa
3479 1768 3820 1826 concedenda

2182 1857 2297 1897 non
2331 1852 2433 1908 est,
2467 1855 2528 1895 ar
2566 1877 2578 1890 .
2599 1837 2637 1892 l.
2658 1856 2779 1893 cum
2800 1835 3068 1898 mandatu
3104 1832 3191 1893 23.
3217 1835 3287 1907 ff.
3306 1836 3369 1892 de
3397 1839 3589 1894 minoe.
3602 1837 3689 1895 25.
3726 1858 3822 1894 an-

2178 1914 2297 1982 nis,
2332 1907 2528 1969 Roden
2569 1902 2700 1963 urch
2756 1904 2821 1964 de
2853 1907 3013 1964 trall-
3054 1905 3119 1962 de
3142 1912 3277 1980 jure
3328 1906 3614 1983 conjugum
3652 1911 3738 1966 tit.
3769 1904 3818 1965 5.

2180 1996 2294 2052 cap.
2339 1997 2383 2038 1.
2423 1990 2583 2050 n.29.
2621 1975 2778 2034 Adde
2815 1976 2979 2033 tit.de
3013 1981 3198 2036 tninor.
3238 1976 3322 2036 25.
3361 1987 3521 2034 annis
3558 1977 3726 2048 mcii.
3761 1977 3822 2042 6

2179 2051 2266 2109 51.
2306 2047 2489 2107 Sande
2523 2047 2681 2104 decis.
2726 2047 2910 2105 Fris-ic.
2933 2045 3023 2105 lib.
3062 2064 3111 2103 2.
3150 2052 3237 2108 tit.
3260 2045 3312 2116 4.
3347 2048 3410 2104 de
3451 2071 3502 2105 n.
3522 2044 3575 2109 5.
3614 2051 3673 2106 in
3696 2047 3818 2122 fine.

2180 2120 2375 2191 Plane,
2411 2120 2458 2175 si
2491 2130 2645 2176 extra
2681 2130 2992 2175 mercaturae
3026 2136 3243 2177 causam
3281 2120 3338 2176 in
3376 2136 3408 2172 a
3432 2122 3511 2176 ios
3544 2138 3683 2182 usus
3714 2136 3823 2177 mu·

2181 2194 2281 2251 lier
2315 2193 2650 2250 contraxerit
2713 2185 2799 2246 vel
2822 2185 3155 2258 fidejusserit,
3192 2188 3306 2244 non
3324 2187 3489 2247 aliter
3524 2208 3602 2262 se,
3622 2194 3820 2247 virum-

2179 2281 2280 2331 que
2337 2276 2429 2317 sua
2468 2227 2733 2331 obligabit
2787 2261 3185 2329 conventione,
3233 2276 3395 2327 quam
3429 2259 3476 2315 si
3530 2260 3821 2318 secundum

2180 2348 2310 2396 ante
2343 2326 2489 2394 dieta
2524 2330 2591 2386 de
2626 2346 2875 2398 expresso
2912 2332 3153 2387 tacitove
3176 2330 3361 2386 mariti
3382 2346 3651 2389 consensu
3687 2348 3815 2387 con-

2179 2416 2307 2472 stet,
2344 2398 2511 2460 veluti
2545 2399 2593 2454 si
2631 2417 2740 2454 non
2777 2416 2873 2467 pro
2909 2413 3216 2458 mercatura:
3251 2401 3420 2470 socio,
3455 2400 3546 2457 sed
3584 2399 3702 2456 alio
3731 2417 3819 2457 ex-

2179 2486 2372 2533 traneo
2444 2470 2726 2549 radiorum
2761 2467 3123 2542 00011υέ1010,
3162 2466 3245 2527 vel
3281 2469 3392 2526 alia
3429 2487 3496 2526 ex
3533 2487 3695 2526 causa
3729 2472 3819 2529 de-

2182 2543 2377 2602 bitore
2428 2540 2727 2609 delusserit,
2760 2551 2819 2610 ut
2839 2552 2959 2610 post
2982 2537 3362 2612 Neostadium,
3400 2537 3668 2614 Mevium,
3706 2537 3815 2598 Ro-

2178 2611 2443 2683 denburgi
2484 2628 2555 2677 m,
2577 2608 2814 2679 aliosque
2833 2608 3085 2676 observat
3120 2610 3259 2673 Abr.
3280 2629 3313 2668 a
3352 2609 3551 2672 Wesel
3587 2610 3814 2670 dtr-all.

2179 2684 2245 2741 de
2276 2702 2443 2751 connu
2478 2723 2491 2737 .
2512 2678 2682 2749 bonor.
2699 2681 2934 2743 societur.
2954 2684 3113 2808 tm?
3136 2700 3186 2740 2.
3221 2687 3334 2748 cati.
3345 2675 3397 2737 5.
3434 2701 3489 2741 n.
3506 2675 3604 2738 55.
3642 2678 3818 2742 Sande

2179 2754 2338 2811 decit.
2378 2752 2562 2810 Frisic.
2585 2749 2707 2821 libr.
2733 2768 2786 2807 2.
2823 2753 2909 2809 tit.
2945 2750 3000 2818 4.
3076 2775 3104 2807 e
3146 2772 3197 2808 n.
3221 2750 3276 2821 4,
3315 2748 3599 2820 Responsa
3631 2751 3812 2810 Jurisc.

2185 2822 2489 2892 Holl,part‚
2522 2816 2573 2878 3.
2613 2820 2711 2879 vol.
2735 2837 2785 2877 2.
2821 2824 2999 2879 consil.
3023 2814 3108 2894 57.
3148 2818 3300 2893 Quin
3338 2824 3465 2894 imo,
3500 2823 3588 2891 si,
3624 2828 3815 2881 marito

2183 2900 2549 2968 permittente,
2582 2908 2748 2953 unum
2782 2910 2918 2950 uxor
2955 2895 3253 2959 instituerit
3286 2910 3455 2964 genus
3493 2896 3811 2967 negotiatio-

2182 2967 2289 3036 niS,
2323 2977 2453 3034 puta
2488 2959 2883 3031 frumentaria,
2942 2962 3065 3020 dein
3103 2982 3232 3021 vero
3283 2966 3549 3021 vinariam
3608 2981 3811 3035 quoque

2180 3035 2400 3103 eruperit
2433 3051 2677 3097 exercere
2698 3033 3141 3106 negotiationem,
3175 3050 3238 3090 ac
3258 3030 3415 3116 hujus
3450 3034 3661 3095 intuitu
3697 3049 3811 3089 cum

2181 3106 2307 3164 aliis
2340 3109 2702 3174 contraxerit,
2738 3120 2851 3160 non
2886 3102 3046 3161 aliter
3080 3122 3138 3162 se
3158 3142 3175 3174 ,
3210 3116 3571 3171 maritumque
3606 3101 3809 3173 obliga·

2183 3176 2284 3246 bit,
2316 3191 2473 3245 quam
2508 3177 2593 3244 si,
2630 3176 2689 3229 in
2726 3168 2827 3229 hoc
2873 3192 3081 3245 quoque
3134 3174 3399 3244 posterius
3446 3173 3562 3229 vini
3601 3173 3809 3231 emendi

2184 3244 2559 3312 vendendique
2590 3245 2973 3302 commercium
3008 3249 3261 3300 maritum
3294 3260 3533 3312 expresse
3551 3283 3576 3327 ζ
3610 3242 3700 3301 vel
3734 3263 3810 3300 re·
3830 3262 3847 3283 1

2185 3317 2280 3377 bus
2315 3317 2440 3386 ipsis
2474 3318 2531 3373 &
2566 3310 2722 3371 faffis
2757 3316 2921 3373 tacite
2957 3315 3320 3383 consensisse,
3356 3312 3577 3381 probari
3619 3320 3808 3388 possit,

2182 3387 2348 3461 πελ.
2376 3406 2426 3444 1.
2461 3378 2514 3458 5.
2534 3386 2693 3459 igitur
2735 3398 2812 3440 12.
2834 3383 2909 3455 ff.
2930 3383 2995 3439 de
3026 3385 3231 3442 exercit·
3252 3384 3448 3446 amon.
3471 3385 3509 3439 Ι.
3530 3386 3723 3441 cuicun
3750 3406 3811 3441 ue

2182 3459 2232 3517 5.
2267 3452 2322 3534 5.
2356 3474 2462 3512 non
2495 3471 2681 3512 tamen
2720 3472 2807 3512 11.
2843 3457 2880 3509 l.
2913 3453 3011 3510 sed
3037 3456 3086 3509 si
3117 3451 3339 3524 pupi‘lus
3382 3472 3463 3512 11.
3499 3446 3553 3527 5.
3590 3474 3689 3510 con
3724 3458 3811 3511 uio

2184 3530 2235 3588 5.
2258 3526 2334 3600 ff'.
2353 3524 2416 3582 de
2452 3527 2622 3582 instit.
2657 3526 2886 3595 amone,
2921 3523 3274 3585 Christinxus
3306 3522 3388 3580 ad
3415 3520 3541 3602 L‘eg.
3583 3524 3809 3582 Mecbli-

2184 3603 2350 3657 nient.
2387 3599 2545 3666 tit.9.
2580 3594 2759 3663 arud.
2793 3616 2846 3652 n.
2873 3612 2953 3653 11.
3000 3612 3080 3652 12.
3121 3591 3302 3654 Sande
3337 3590 3387 3647 d.
3408 3592 3498 3651 lib.
3541 3610 3592 3650 2.
3632 3598 3725 3651 tit.
3763 3592 3810 3665 4.

2184 3667 2409 3742 ‘'fin-4·
2445 3664 2567 3724 Lon
2604 3684 2636 3734 0
2666 3667 2847 3731 minus
2900 3681 3033 3728 uxor
3070 3662 3212 3727 1080
3245 3666 3604 3733 contraxerit,
3636 3668 3684 3722 si
3706 3683 3813 3721 ma-

2186 3747 2356 3810 ritus,
2394 3739 2498 3809 ,qui
2532 3683 2605 3801 εξ
2642 3735 2806 3795 initio
2840 3739 2898 3790 in
2947 3746 3303 3797 mercaturam
3347 3732 3591 3810 aliumve
3636 3734 3814 3794 agium

2183 3818 2525 3869 consenserat
2548 3847 2565 3874 ,
2593 3805 2788 3863 deinde
2824 3824 2881 3865 re
2917 3803 3093 3863 adhuc
3140 3807 3353 3878 integra
3388 3822 3544 3863 suum
3582 3823 3814 3864 consen-

2182 3898 2298 3938 sum
2317 3876 2667 3945 revocaverit,
2701 3877 2758 3934 &
2794 3875 3041 3933 ulteriori
3064 3894 3131 3933 ne
3169 3880 3432 3932 otiatione
3471 3877 3817 3935 interdixerit

2183 3957 2339 4009 uxori
2371 3968 2474 4011 sux
2507 3940 2620 4017 (ut
2657 3941 2906 4017 potest),
2941 3947 2987 4002 si
3149 3966 3187 4004 o
3222 3951 3300 4001 ita
3336 3944 3683 4004 interdixerit
3706 3990 3725 4020 ,
3757 3962 3815 4005 111

2186 4022 2239 4078 id
2274 4013 2728 4087 contrahentibus
2763 4022 3001 4086 potuerit
3035 4031 3227 4074 notum
3264 4034 3392 4086 esse,
3430 4011 3576 4072 satia
3615 4019 3683 4074 iis
3717 4019 3813 4077 de·-

2184 4092 2554 4159 nuntiatione,
2587 4105 2657 4145 ne
2689 4102 2813 4143 cum
2846 4103 3013 4144 uxore
3045 4084 3400 4155 contrahant,
3434 4084 3617 4143 aliove
3653 4088 3819 4145 simili

2183 4161 2344 4218 modo
2376 4157 2650 4227 contraria
2688 4154 2972 4213 voluntate
3007 4156 3298 4224 declarata,
3340 4172 3451 4227 arg.
3485 4158 3539 4213 d.
3582 4158 3622 4214 l.
3643 4157 3747 4214 sed
3774 4163 3818 4215 si

2181 4232 2402 4300 pupillur
2444 4245 2526 4285 11.
2564 4220 2614 4309 5.
2654 4241 2705 4289 2.
2741 4222 2793 4282 5.
2830 4223 2982 4312 Aust:
3003 4226 3066 4286 do
3104 4227 3415 4285 Iustinae}-
3438 4224 3815 4293 Rodenburch

2182 4300 2403 4384 dejure
2453 4318 2547 4354 con
2575 4317 2734 4371 regum
2769 4300 2851 4354 tir.
2888 4310 2940 4352 o.
2977 4310 3086 4366 cap.
3131 4315 3176 4354 1.
3213 4319 3267 4355 n.
3304 4309 3357 4370 9.
3395 4298 3452 4353 in
3474 4295 3608 4368 fine.
3647 4294 3817 4369 Quod

2180 4388 2330 4427 enim
2363 4367 2535 4428 Berlic
2578 4368 2633 4422 io
2663 4367 3118 4436 prailicaraeoncl.
3133 4383 3339 4436 panna.
3375 4369 3599 4424 candus.
3638 4374 3715 4426 ιδ.
3760 4392 3815 4427 n.

2182 4437 2268 4497 55.
2304 4438 2563 4511 aliisque,
2598 4434 2670 4492 ab
2708 4455 2775 4494 eo
2807 4437 3073 4510 adducstis,
3107 4438 3307 4509 placuit
3327 4479 3345 4508 ‚
3379 4454 3707 4497 consensum
3728 4476 3748 4508 2
3782 4458 3813 4499 a

498 4511 682 4582 verba,
718 4515 824 4569 niri
860 4514 927 4568 rit
963 4515 1270 4582 mercatrix,
1305 4505 1633 4591 Neostadius
1667 4507 1731 4561 de
1761 4506 1933 4591 gabiis*
1971 4521 2124 4589 ant-e-
2172 4517 2374 4567 marito
2406 4509 2565 4568 semel
2605 4508 3017 4579 interpositum,
3058 4527 3167 4567 non
3207 4527 3352 4578 posse
3390 4511 3638 4566 revocari
3669 4552 3689 4584 ,
3732 4513 3809 4567 its

495 4600 638 4653 nupt.
659 4582 763 4640 obs.
791 4580 868 4640 18.
905 4602 957 4639 n.
977 4580 1031 4637 6.
1069 4579 1137 4642 θ
1171 4580 1363 4637 observ.
1393 4591 1472 4649 ¹9·
1509 4598 1566 4659 en
1587 4577 1721 4649 fine.
1761 4574 1942 4640 bande
1961 4573 2118 4630 doctr.
2180 4581 2395 4639 demum
2418 4577 2751 4650 probandum
2770 4592 2871 4649 est,
2905 4584 2949 4634 si
2988 4578 3070 4635 vel
3094 4597 3175 4635 res
3196 4577 3424 4647 amplius
3442 4585 3658 4652 integra
3698 4599 3809 4641 non

493 4657 675 4713 Frisic.
695 4652 809 4715 libr.
833 4670 881 4708 2.
914 4650 1071 4721 tit-4.
1093 4653 1137 4705 d
1193 4672 1246 4706 n.
1267 4650 1322 4719 4.
1358 4648 1710 4708 Christinaeus
1743 4646 1827 4701 ad
1851 4642 1977 4718 Leg.
1998 4645 2122 4699 Me·
2178 4653 2273 4720 sit,
2309 4648 2393 4707 vel
2431 4642 2646 4719 mulieri
2682 4645 2762 4716 jus
2778 4647 2995 4720 aliquod
3028 4651 3095 4707 de
3132 4647 3287 4707 rebus
3320 4650 3430 4706 suis
3462 4649 3812 4724 disponendi,

487 4725 756 4782 oblinitur.
793 4727 877 4780 tit.
897 4736 951 4793 9.

987 4737 1095 4778 art.
1127 4731 1176 4776 '.
1213 4740 1264 4777 n.
1300 4737 1376 4777 10.
1415 4716 1647 4776 Grotius
1681 4716 2010 4774 Manudutfi.
2050 4714 2130 4771 ad
2179 4722 2349 4780 veluti
2404 4719 2660 4787 testandi,
2694 4724 2974 4789 quaesitum
3030 4721 3122 4789 sit,
3155 4736 3227 4778 ex
3282 4737 3391 4788 quo
3443 4724 3677 4778 maritus
3706 4724 3807 4780 da—

473 4791 1042 4885 juritpmd,Holl.lib.
1069 4811 1115 4853 1.
1151 4809 1260 4865 cap,
1279 4790 1330 4851 5.
1367 4810 1420 4849 n.
1441 4784 1529 4851 56.
1563 4784 1652 4867 37.
1691 4784 2119 4863 Groenewegen
2178 4795 2460 4881 ninum-in
2493 4790 2604 4857 suis
2638 4790 2796 4857 rebus
2832 4807 2942 4853 non
2980 4788 3138 4853 debet
3173 4802 3415 4863 metuere
3452 4832 3471 4870 ,
3507 4793 3802 4859 secundum
