3971 5383
157 207 170 218 ·
1156 187 1290 266 Qui
1323 183 1595 267 potiores
1627 183 1695 245 in
1730 180 2006 263 Pignore
2038 185 2139 247 vel
2169 181 2286 249 ἑός.
3223 174 3363 266 145

202 276 216 292 “
318 290 502 332 novam
536 273 734 332 faceret
785 290 853 332 ex
886 269 1000 344 iure
1086 274 1101 290 ”
1142 278 1289 332 noris
1341 278 1773 344 persecutionem.
1833 270 2056 340 jussores
2088 272 2200 343 ejus
2232 291 2302 330 an
2341 277 2566 346 pignora
2618 285 2871 333 excutere
2925 274 3124 347 vellet,
3175 292 3454 349 postquam

192 292 302 404 a
328 351 463 402 enim
495 341 825 417 ignoraverit
847 384 865 415 ‚
901 344 1049 402 litem
1171 344 1337 401 bitori
1388 362 1510 401 cum
1563 343 1675 400 alio
1708 344 1775 401 de
1834 349 1975 412 prius
2010 343 2280 401 debitores
2317 358 2594 412 presentes
2639 346 3147 403 denunciationibus
3199 347 3458 406 conventi

191 416 395 486 pignoris
412 417 735 483 proprietate
755 415 1104 484 intercedere,
1123 418 1433 487 ignorantia
1453 420 1504 471 ei
1526 410 1601 481 ius
1619 430 1771 471 suum
1830 416 1885 471 dt
1923 419 1999 469 ita
2039 432 2150 470 non
2185 412 2574 472 satisfacientes
2610 415 2668 469 in
2710 432 2859 471 mora
2893 419 3175 496 constituti
3212 432 3378 489 sunt,
3415 417 3455 475 Ι.
3538 481 3545 488 ,

189 485 356 557 agendi
386 485 591 542 abundo
627 485 901 550 tuebitur;
936 489 979 540 si
991 504 1049 542 ve
1081 501 1272 542 contra
1305 485 1548 553 sciverit,
1584 485 1639 541 id
1676 501 1706 538 a
1749 486 1774 542 i,
1828 486 2176 550 persecutione
2209 482 2294 552 34.
2332 483 2386 538 C.
2422 482 2487 538 de
2520 487 2703 558 pigrior.
2743 485 2810 549 Θ
2846 485 3043 556 hypotb·
3080 486 3244 568 jun-&-
3288 490 3324 544 l.
3361 487 3456 542 de-

187 572 214 610 a
241 552 496 625 debitore,
527 555 679 623 culpa
716 566 896 614 tamen
932 570 1118 625 caret,
1172 556 1303 613 dum
1338 556 1448 621 ipse
1503 569 1674 622 neque
1742 575 1771 609 e
1829 547 2014 608 bitot-er
2050 569 2128 609 ιο.
2165 553 2221 610 C.
2254 552 2361 608 eod.
2383 555 2439 613 ὂε
2472 571 2533 610 ea
2570 553 2761 613 electio
2793 559 2957 613 etiam
2994 574 3124 614 num
3163 574 3273 624 pure
3307 574 3458 615 novo

186 625 476 693 proprietate
511 643 600 691 per
634 627 711 681 rei
748 624 1177 682 vindicationem
1210 640 1303 680 aut
1341 622 1765 696 hereditatispe·
1831 625 2145 680 remanserit
2165 663 2183 691 ,
2218 626 2428 691 quoties
2466 629 2570 691 ipse
2601 624 2824 682 debitor
2859 632 3024 682 etiam
3058 627 3213 685 simul
3250 647 3333 685 res
3370 628 3456 699 pi-

185 694 408 751 titionem
438 693 762 751 contendere
794 711 919 751 cum
951 709 1208 751 estraneo
1245 710 1539 761 possessore
1574 694 1775 762 potuit,
1828 707 2083 762 gnoratas
2118 703 2308 759 tenet3
2343 693 2477 752 adeo
2512 708 2573 750 ut
2612 711 2720 751 non
2757 693 3016 755 dentone
3034 702 3190 755 unius
3226 696 3456 756 saionis

185 783 212 819 n
269 782 327 820 ue
357 768 746 835 possessionem,
778 780 942 832 quam
968 765 1180 822 debitor
1210 763 1314 819 sibi
1332 763 1621 821 secundum
1668 761 1768 832 hy·
1827 763 1915 818 sed
1950 762 2482 834 demumsolutione,
2516 761 2726 831 relique
2764 780 3003 837 pereant,
3035 768 3072 823 l.
3097 788 3241 843 grege
3284 765 3363 825 13.
3397 760 3451 841 ᾗ.

181 849 253 901 pot
343 857 381 892 ,κ
416 847 668 889 naturam
703 849 1088 903 reservaverat,
1125 852 1157 889 a
1191 836 1357 891 tertio
1378 851 1623 903 avocare,
1659 836 1763 891 nisi
1818 835 1990 887 etiam
2010 829 2062 899 4.
2087 829 2162 899 ffi
2181 832 2246 887 de
2260 834 2391 906 pign.
2414 832 2611 902 &hysa
2648 849 2850 906 tamen,
2885 841 2928 892 si
2949 855 2980 894 a
3016 844 3179 894 tertio
3213 856 3294 897 res
3310 838 3451 897 obli·-

181 914 426 972 postquam
457 900 676 960 debitor
711 908 766 960 in
805 920 951 962 mora
987 903 1234 963 solvendi
1268 922 1380 962 esse
1406 905 1582 971 coepit,
1618 903 1766 961 &ob
1821 915 1949 973 gata
1983 902 2336 985 possideatur,
2372 919 2403 957 a
2437 902 2739 962 Justiniano
2765 912 3120 986 constitutum
3155 922 3255 977 est,
3288 927 3451 968 excu-

177 972 226 1039 id
252 972 479 1030 executio
550 974 755 1045 ignotis
791 969 1035 1031 facienda
1073 987 1187 1040 ests
1219 974 1265 1029 si
1300 988 1480 1030 tamen
1520 991 1629 1029 non
1650 984 1764 1030 mo-
1823 973 2068 1031 tiendum
2102 991 2215 1029 esse
2252 990 2393 1040 prius
2427 971 2806 1033 debitorem&
2843 973 3168 1044 fidejussores
3185 976 3315 1052 ejus,
3346 995 3454 1036 an-

169 1043 234 1100 do
260 1042 479 1110 sciverit,
539 1049 667 1098 item
701 1041 938 1101 debitori
970 1060 1176 1101 motam
1211 1062 1321 1100 esse
1353 1044 1515 1102 sed&
1553 1042 1636 1100 liti
1667 1044 1763 1102 ad-
1824 1055 2042 1113 tequam
2075 1042 2262 1098 tertius
2297 1047 2530 1116 pignoris
2563 1059 2829 1114 possessor
2855 1050 3229 1119 conveniatur,
3263 1051 3450 1106 novell.

178 1109 370 1179 stiterit,
402 1109 631 1169 dubium
664 1131 775 1170 esse
811 1131 922 1171 non
960 1127 1150 1183 potest,
1187 1115 1318 1182 quin
1357 1124 1486 1169 tunc
1520 1116 1572 1171 ei
1608 1118 1761 1174 noci-

171 1193 272 1236 tura
300 1196 498 1252 quoque
531 1184 605 1237 sit
641 1185 910 1240 sententia
944 1197 1136 1241 contra
1172 1182 1471 1241 debitorem
1524 1183 1635 1239 lata
1653 1223 1672 1253 ,
1724 1185 1759 1240 l.

136 1245 230 1320 ,ab
258 1266 503 1306 executore
537 1248 594 1318 4.
628 1245 684 1323 §.
721 1251 875 1325 idque
912 1254 961 1320 4.
993 1253 1055 1333 ff.
1092 1251 1156 1308 de
1173 1254 1338 1322 appel.
1376 1254 1448 1310 Et
1486 1253 1553 1311 de
1585 1270 1761 1310 eoca-

168 1338 232 1389 su,
261 1337 357 1390 quo
387 1334 603 1378 tantum
640 1321 959 1392 hypothecae
997 1339 1078 1391 tus
1111 1323 1368 1382 creditori
1402 1328 1760 1381 constitutum

165 1401 275 1458 erat,
306 1388 515 1449 uastari
551 1408 584 1447 a
625 1389 923 1462 Papiniano
960 1395 1016 1449 in
1054 1394 1090 1447 Ι.
1129 1396 1177 1449 si
1208 1408 1481 1461 superatur
1514 1387 1564 1451 5.
1591 1388 1664 1461 ffl
1697 1392 1762 1449 de

164 1457 372 1532 pignorib.
408 1461 474 1523 δ’
509 1459 714 1531 hypocb.
755 1463 881 1519 inde
915 1462 1098 1535 colligi
1120 1475 1313 1532 potest,
1346 1463 1487 1535 quod
1505 1466 1564 1546 in
1598 1481 1662 1522 ea
1682 1461 1757 1521 le-

162 1543 218 1651 ἰε
245 1527 442 1586 debitor
476 1536 622 1589 inter
655 1532 763 1587 alia
798 1538 963 1591 etiam
1018 1534 1186 1589 vibius·
1238 1532 1432 1590 dicitur
1484 1533 1759 1590 vmdicans

213 1596 492 1672 redituum,
524 1619 593 1657 ac
628 1606 899 1673 asseritur,
920 1603 1167 1668 judstem
1202 1604 1425 1662 amonis
1461 1603 1756 1677 Servianae,

160 1667 359 1739 neglebia
390 1671 452 1725 de
488 1669 781 1730 buccinate
814 1672 962 1730 dibiae
981 1677 1263 1743 sententia,
1291 1675 1509 1747 pignoris
1528 1694 1756 1730 causam

160 1737 369 1804 impiare
403 1739 622 1807 debere3
656 1745 783 1813 quia
820 1741 931 1799 fieri
967 1755 1162 1814 potest,
1198 1757 1257 1801 ut
1296 1748 1489 1814 pignus
1524 1743 1665 1805 regie
1682 1750 1751 1802 sit

157 1819 403 1876 acceptum
423 1852 440 1879 ,
477 1832 578 1869 nec
616 1825 800 1872 tamen
837 1810 910 1868 ab
942 1831 1007 1869 eo
1039 1811 1289 1870 debitore
1324 1811 1392 1867 lis
1429 1811 1563 1872 bene
1598 1820 1754 1872 insti-

156 1887 269 1932 tuta.
310 1875 430 1952 Qua
464 1884 639 1952 enim,
670 1882 911 1954 obsecro,
945 1884 1158 1941 ratione
1176 1882 1388 1941 debitor
1404 1885 1617 1952 concipi
1636 1903 1753 1953 pos-

155 1958 221 1999 set
244 1964 304 2003 ex
334 1955 573 2020 pignoris
607 1969 769 2011 causa
809 1954 1090 2011 tradidisse
1123 1953 1382 2012 creditori
1420 1972 1503 2010 res
1540 1953 1750 2018 heredi-

154 2017 311 2087 tarias,
343 2019 410 2078 de
445 2039 678 2091 quarum
713 2029 1044 2092 possessione
1062 2024 1386 2094 acquirenda
1420 2023 1637 2081 demum
1655 2043 1751 2093 po·

152 2097 245 2142 sta
275 2106 364 2155 per
396 2088 720 2151 hereditatis
752 2095 1069 2161 petitionem
1103 2108 1357 2163 expertus
1384 2105 1465 2151 est
1498 2095 1754 2153 adversus

154 2162 359 2228 tertium,
403 2173 667 2234 tanquam
705 2182 803 2232 pro
835 2162 1028 2223 herede
1064 2163 1147 2221 vel
1167 2181 1263 2232 pro
1298 2182 1593 2233 possessore
1630 2182 1751 2232 pos-

153 2225 422 2287 sidentem?
464 2230 686 2292 Diversa
720 2251 880 2292 causa
916 2250 1013 2308 est,
1048 2241 1094 2294 si
1131 2235 1382 2292 creditori
1413 2252 1498 2291 res
1532 2252 1598 2290 ex
1616 2253 1750 2291 con·

150 2293 299 2376 tfassu
323 2302 570 2374 pignoris
605 2303 812 2361 tradita
850 2301 1010 2363 fuerit
1032 2348 1051 2378 ,
1105 2305 1252 2374 isque
1284 2305 1533 2373 deinceps
1567 2322 1749 2373 passus

148 2375 205 2420 δή
233 2368 412 2442 sciens,
444 2373 751 2432 debitorem
781 2375 850 2434 de
885 2376 1123 2448 pignoris
1158 2380 1622 2444 proprietatecum
1656 2393 1749 2433 ex·

149 2446 310 2495 traneo
340 2445 612 2512 experiri,
644 2461 707 2500 ac
744 2444 956 2503 debitor
990 2465 1054 2505 ea
1086 2451 1146 2501 in
1186 2443 1287 2501 lite
1334 2457 1610 2513 superatus
1642 2447 1712 2501 sit
1731 2467 1752 2501 .-

147 2515 255 2563 tunc
284 2511 427 2567 enim
462 2520 513 2570 ei
547 2514 747 2572 scienti
782 2524 1050 2574 sententia
1086 2517 1224 2572 inter
1262 2513 1560 2573 debitorem
1581 2517 1749 2574 &ex-

148 2585 378 2653 francum
413 2580 528 2640 lata
566 2580 912 2655 praeiudicat,
964 2593 1089 2657 quia
1123 2601 1190 2643 et
1225 2582 1506 2644 voluntate
1540 2579 1650 2653 ejus
1684 2584 1750 2642 de

144 2658 250 2716 iure,
280 2652 416 2720 qdod
448 2672 520 2712 ex
562 2672 788 2723 persona
823 2657 1040 2740 agentis
1076 2653 1291 2724 habuit,
1326 2653 1620 2733 iudicatum
1648 2667 1749 2723 est3

144 2732 242 2773 Cum
272 2723 375 2791 ipse
408 2741 473 2781 ex
513 2722 660 2783 laeta
694 2724 798 2783 sibi
832 2729 1077 2799 pignoris
1113 2726 1407 2783 traditione
1463 2739 1543 2793 Jus
1579 2729 1747 2795 possi-

140 2784 275 2846 dendi
306 2792 546 2868 adeptus,
584 2796 714 2854 inde
749 2798 982 2866 potuerit
1014 2798 1182 2857 etiam
1236 2796 1487 2854 adversus
1522 2796 1744 2852 tertium

142 2861 205 2912 fei
234 2876 577 2925 possessorem
612 2867 680 2923 de
714 2869 1072 2937 recuperanda
1093 2865 1413 2936 possessione
1437 2867 1636 2922 amissa
1652 2883 1744 2921 ex-

141 2931 272 2991 periri
305 2948 430 2993 ante
448 2934 780 3009 debitorem,
815 2938 1075 3008 allegans,
1109 2936 1211 2995 sibi
1246 2935 1315 2994 de
1333 2954 1398 2993 ea
1435 2955 1493 3000 re
1510 2937 1744 3006 primum

138 2994 372 3058 aiiionem
409 3020 720 3076 competere
753 3020 852 3065 aut
885 3005 1281 3076 defensionem,
1315 3006 1352 3061 Ι.
1388 3022 1517 3075 raepe
1550 3008 1742 3062 comti-

138 3084 287 3146 rmum
305 3069 392 3139 63,
413 3075 492 3144 ff.
532 3076 601 3132 de
624 3077 984 3149 rejudicam,
1020 3095 1179 3149 quam
1217 3076 1385 3149 legem
1418 3076 1486 3135 de
1519 3079 1744 3160 pignore

137 3153 182 3190 ¹11
213 3147 373 3209 specie
408 3148 672 3205 creditori
696 3151 902 3211 tradito
923 3149 1290 3219 accipiendam
1308 3165 1440 3218 esse,
1472 3151 1742 3218 conjicere

133 3222 186 3261 ex
213 3228 269 3265 eo
302 3213 449 3287 licet,
522 3219 632 3276 uod
666 3220 921 3288 creditor,
956 3226 1160 3286 patiens
1176 3214 1479 3277 debitorem
1503 3219 1738 3286 experiri

132 3272 185 3330 de
214 3282 442 3357 pignore,
481 3291 499 3343 i
544 3289 689 3345 idem
727 3283 965 3362 iungitur
1001 3295 1198 3347 marito
1233 3287 1463 3354 patienti
1497 3303 1740 3347 socerum

133 3344 202 3401 Vel
234 3370 445 3412 uxorem
479 3358 715 3428 experiri
750 3359 820 3418 de
841 3366 1175 3429 proprietate
1211 3361 1290 3414 rei
1328 3361 1383 3413 in
1419 3357 1604 3414 dotem
1639 3358 1736 3416 da·

129 3427 200 3486 ἴδ’
229 3423 279 3481 &
311 3430 600 3492 possessori
636 3446 730 3485 seu
765 3435 959 3489 emtori
1029 3434 1220 3487 atienti
1242 3428 1576 3486 venditorem
1601 3436 1737 3484 con²

128 3489 321 3551 tendere
352 3495 421 3553 de
458 3501 538 3555 rei
576 3504 920 3570 proprietate.
1022 3501 1147 3558 lane
1201 3500 1249 3555 si
1282 3496 1582 3565 debitorem
1614 3513 1741 3555 cum

123 3556 405 3622 adversario
437 3570 736 3642 collusisse,
770 3583 932 3641 atque
967 3571 1044 3627 ita
1080 3568 1453 3636 succubuisse,
1501 3568 1738 3633 creditor

128 3628 324 3693 Probare
375 3644 571 3712 possit,
625 3645 950 3707 sententiam
983 3653 1177 3705 contra
1233 3637 1536 3715 debitorem
1571 3637 1740 3694 latam

125 3702 352 3763 creditori
389 3728 502 3769 non
545 3712 872 3782 nocituram,
912 3716 1228 3778 rescriptum
1260 3722 1361 3780 est,
1398 3708 1432 3765 l.
1465 3723 1649 3779 praeser
1684 3706 1736 3764 5.

125 3766 169 3821 C·
200 3772 259 3829 de
288 3782 480 3854 pigrior.
509 3779 593 3845 (55
628 3778 829 3853 bypotb.
868 3779 1000 3841 Non
1037 3787 1232 3842 desunt
1267 3781 1512 3851 interim,
1584 3777 1739 3836 uibus

125 3845 270 3915 mgb
300 3858 499 3923 piacet,
535 3855 658 3910 sine
676 3850 1035 3912 distinciione
1074 3855 1220 3910 inter
1257 3850 1525 3933 pignus-&t
1547 3798 1736 3922 ‘hypo‘

122 3906 308 3975 thecam
343 3939 410 3984 er
447 3922 569 3993 sola
605 3924 831 3980 scientia
869 3935 962 3981 aut
1000 3921 1308 3996 ignorantia
1324 3921 1609 3989 creditoris
1646 3936 1736 3988 pe-

120 3992 212 4041 tere
241 3988 290 4044 d·
325 3992 358 4051 l.
396 3987 453 4050 5.
496 3993 569 4063 ᾧ·
605 3992 659 4051 d.
696 3993 732 4050 Ι.
768 3989 856 4050 65.
895 3992 1342 4050 conciliationem
1428 3992 1579 4059 quasi
1614 4008 1735 4047 sen·

117 4060 263 4113 tentia
294 4078 490 4121 contra
525 4064 835 4127 debitorem
872 4062 982 4123 lata
1020 4079 1214 4139 noceat
1247 4031 1507 4120 creditori
1538 4060 1737 4129 scienti,

115 4135 162 4177 ’ἴ
194 4124 345 4192 h2bet
379 4132 433 4191 d.
474 4136 513 4190 l.
553 4130 647 4191 63.
685 4151 798 4192 non
837 4136 970 4198 item
1007 4133 1286 4207 ignoranti
1322 4128 1623 4187 debitorem
1641 4147 1734 4186 ex·

112 4199 252 4255 Periti
273 4218 286 4231 ·
306 4204 374 4261 ad
396 4223 574 4276 quem
609 4222 793 4263 casum
830 4197 1364 4276 restringunt‘verba
1396 4199 1736 4271 generaliora

115 4260 157 4317 d.
187 4266 221 4323 l.
288 4313 302 4330 .
341 4273 659 4333 Bachovius
694 4272 1037 4349 de‚p1’gnorib.
1077 4272 1192 4349 libr.
1231 4268 1282 4327 5.
1312 4278 1423 4327 c’ao.
1469 4269 1548 4327 15.
1584 4290 1734 4327 num.

122 4351 176 4420 ¹⁸.
193 4336 367 4403 Petrus
405 4344 651 4405 Burbosa
689 4343 772 4403 ad
796 4349 833 4403 Ι.
872 4364 982 4429 que
1014 4343 1151 4401 dotis·
1185 4338 1273 4410 54.
1307 4333 1375 4412 ffl
1409 4341 1577 4425 soluto
1611 4362 1732 4395 ma-

115 4421 304 4469 mmon.
340 4437 496 4474 num.
545 4414 662 4474 160.
699 4414 805 4476 Sed
844 4432 935 4472 vix
968 4426 1087 4485 est,
1116 4425 1174 4471 ut
1210 4413 1576 4473 demonstrari
1615 4428 1736 4479 pos-

116 4477 193 4549 sit,
221 4502 323 4555 quo
352 4487 527 4545 modo
561 4486 842 4558 creditori,
879 4485 1080 4547 nudam
1118 4480 1480 4568 hypothecam
1517 4486 1574 4536 in
1612 4501 1732 4550 spe-

113 4551 186 4609 cie
217 4550 440 4616 habenti
461 4599 480 4629 ,
516 4555 670 4617 aetio
705 4571 800 4616 aut
835 4552 1079 4619 defensio
1116 4557 1354 4627 pignoris
1406 4557 1579 4623 primo
1614 4551 1738 4609 loco

112 4638 414 4695 competeret
453 4628 528 4687 ad
565 4626 832 4685 debitoris
867 4626 1255 4686 exclusionem.

1820 1110 1872 1179 4.
1891 1126 2004 1180 cap.
2026 1111 2125 1166 sed
2136 1130 2298 1182 neque
2316 1128 2363 1166 a.
2385 1110 2547 1183 Quod
2583 1119 2637 1172 ὅτ
2673 1133 2739 1170 ex
2774 1111 2892 1184 J'ure
2909 1123 3076 1172 veteri
3110 1118 3450 1186 peculiariter

1823 1183 2133 1249 rescriptum
2155 1177 2257 1238 fuit
2279 1187 2335 1238 in
2355 1199 2500 1253 casu,
2534 1201 2641 1253 quo
2662 1183 2803 1239 bona
2836 1183 3194 1244 condustricis
3214 1187 3448 1262 veaiga-

1820 1249 1956 1308 lium
1974 1269 2069 1319 pro
2088 1256 2337 1319 pensione
2358 1249 2486 1308 fisco
2503 1272 2570 1310 ex
2590 1253 2706 1326 lege
2723 1251 2931 1312 devicta
2952 1273 3012 1311 ac
3033 1262 3090 1321 in
3112 1257 3286 1326 plures
3304 1261 3445 1323 alie-j

1823 1333 1953 1376 nata
1973 1318 2208 1390 fuerant,
2242 1338 2367 1377 cum
2401 1321 2760 1380 conduaricis
2781 1323 2931 1382 heres
2965 1342 3061 1393 pro
3080 1327 3299 1402 reliquis
3319 1330 3445 1388 fisco

1816 1390 2081 1449 debitoris
2118 1392 2300 1448 idonei
2334 1405 2530 1465 essent,
2564 1395 2600 1448 Ι.
2638 1392 2869 1450 Moschis
2890 1393 2975 1465 47.
3002 1393 3075 1464 ff
3100 1397 3162 1451 de
3180 1400 3436 1529 juri'fifci

1823 1457 1952 1518 Non
1991 1471 2174 1518 tamen·
2212 1459 2353 1517 huic—
2395 1459 2526 1531 juris
2562 1466 2692 1519 novi
2728 1465 3071 1529 dispositioni
3119 1471 3176 1528 Bt
3211 1488 3275 1525 or
3319 1478 3438 1529 inis.

1819 1529 2086 1588 beneficio
2120 1528 2267 1586 locus
2288 1531 2500 1589 videtur
2518 1532 2915 1607 relinquendus,
2944 1543 2988 1592 si
3023 1544 3233 1610 tertius,
3266 1546 3442 1599 sciens

1834 1607 2072 1672 pignoris
2109 1598 2399 1667 vinculum,
2433 1604 2624 1675 pignus
2661 1601 3018 1662 nihilominus
3051 1612 3284 1680 emerit,
3316 1628 3441 1670 cum

1818 1672 1932 1739 iura
1967 1671 2209 1738 deceptis
2245 1687 2354 1726 non
2394 1671 2528 1728 item
2562 1674 2857 1731 scientibus
2889 1673 3174 1735 subvenire
3211 1697 3276 1735 ac
3313 1698 3432 1748 par-

1814 1758 1934 1798 cere
1967 1740 2200 1809 soleant,
2239 1757 2335 1798 nec
2370 1742 2419 1798 si
2452 1746 2640 1799 tertius
2655 1748 3052 1810 comparaverit
3072 1748 3290 1807 demum
3324 1769 3440 1807 rem

1813 1808 2112 1883 obligatam
2148 1823 2266 1879 post
2294 1811 2449 1869 litem
2481 1813 2620 1871 dere
2637 1811 2750 1868 obli
2790 1828 2879 1870 ata
2915 1833 3109 1872 contra
3128 1819 3434 1877 debitorem

1812 1878 1917 1953 jam
1956 1879 2291 1951 inchoatam,
2326 1898 2438 1953 arg.
2457 1887 2642 1940 tot-tit.
2659 1886 2725 1958 ff.
2850 1885 2970 1941 cod.
2989 1886 3054 1940 de
3091 1889 3344 1963 litigiosis,
3379 1893 3438 1963 ᾃ

1815 1951 2003 2008 novell.
2025 1966 2137 2007 ιη.
2173 1966 2286 2019 cap.
2316 1968 2358 2006 t.
2388 1955 2447 2008 in
2477 1967 2551 2021 pr.
2579 1972 2675 2010 nec
2709 1959 2754 2011 si
2791 1975 2874 2014 res
2894 1960 3183 2025 specialiter
3217 1961 3433 2028 p‘onori

1811 2019 2052 2091 obligata
2089 2037 2122 2076 a
2158 2023 2326 2078 tertio
2358 2024 2719 2089 possideatur:
2762 2042 2871 2082 non
2908 2029 3057 2082 enim
3092 2030 3267 2096 impro
3308 2029 3431 2086 abi-

1813 2089 1877 2145 lis
1909 2104 1989 2148 est
2026 2107 2213 2147 eorum
2249 2093 2456 2160 opini0,
2490 2096 2583 2163 qui
2621 2106 2841 2165 putant,
2870 2097 3133 2153 novellam
3167 2097 3221 2168 4.
3242 2115 3353 2169 cap.
3378 2119 3427 2156 2.

1809 2161 2082 2230 quandam
2112 2160 2288 2221 adhuc
2335 2161 2405 2218 ab
2441 2164 2556 2231 ipso
2588 2165 3020 2222 emendationem
3075 2186 3276 2236 passam
3314 2189 3427 2228 esse

1816 2249 1904 2299 per
1941 2251 2057 2287 nov.
2103 2248 2221 2288 112.
2258 2247 2372 2301 cap.
2416 2250 2459 2289 ι.
2497 2254 2686 2306 versu,
2724 2250 2781 2289 ut
2820 2238 2867 2290 si
2900 2236 3111 2308 quidem
3147 2241 3429 2311 speciales,

1809 2300 1941 2358 dum
1976 2299 2057 2355 ibi
2090 2305 2394 2370 constituit,
2430 2320 2578 2372 posse
2613 2304 2826 2372 quidem
2859 2305 3176 2366 debitorem*
3198 2313 3430 2370 vendere

1810 2388 1893 2428 res
1927 2369 2153 2429 mobiles
2173 2388 2265 2430 aut
2284 2373 2582 2431 immobiles
2615 2377 2937 2431 nominatim
2958 2374 3268 2447 hypothecae
3302 2399 3428 2452 sup-
3506 2427 3519 2436 .

1809 2441 2028 2511 positas,
2063 2442 2155 2498 sed
2189 2449 2233 2499 si
2268 2444 2522 2501 creditori
2558 2463 2625 2501 ex
2662 2449 2835 2513 pretio
2874 2448 3113 2519 pignoris
3150 2467 3239 2517 per
3273 2451 3429 2522 debi-

1834 2526 1981 2568 orem
2017 2511 2288 2570 divenditi
2323 2509 2664 2571 satisfactum
2703 2535 2811 2572 non
2838 2511 3017 2587 fuerit,
3055 2518 3329 2576 licentiam
3365 2524 3421 2579 ei

1807 2592 2101 2649 competere
2140 2583 2457 2640 vindicandi
2504 2602 2617 2642 rem
2651 2586 2931 2642 venditam
2967 2585 3070 2645 sibi
3108 2586 3423 2662 hypothecis

1807 2654 2150 2723 suppositam,
2184 2654 2356 2712 donec
2394 2654 2446 2711 ei
2480 2658 2609 2712 satis
2644 2673 2740 2724 pro
2772 2654 2958 2714 debito
2998 2655 3109 2714 fiat.
3146 2659 3253 2719 Cui
3287 2679 3421 2719 con-

1806 2740 2027 2801 sequens
2062 2737 2178 2794 est,
2217 2725 2275 2780 in
2311 2721 2426 2779 sola
2478 2726 2717 2796 generali
2754 2723 3058 2800 hypotheca
3108 2734 3423 2791 remansisse

1804 2809 1917 2861 jure
1951 2796 2241 2859 novissimo
2277 2795 2648 2854 necessitatem
2665 2795 2972 2852 excutiendi
2988 2796 3283 2857 debitorem
3318 2819 3422 2857 an-

1806 2875 1859 2918 te
1893 2867 2080 2917 tertios
2133 2865 2211 2921 rei
2243 2863 2567 2934 generaliter
2601 2866 2849 2952 obligate
2886 2882 3207 2934 possessores
3226 2912 3239 2925 .
3296 2868 3417 2929 Nec

1801 2931 1948 2989 deest
1983 2934 2222 2999 speciosa
2256 2933 2499 3005 quedam
2533 2938 2854 2994 mutationis
2890 2940 3049 3008 ratio,
3084 2941 3227 3010 quod
3264 2953 3418 2998 nem-

1803 3021 1902 3072 pe,
1935 3002 2156 3058 vendita
2195 3021 2252 3059 re
2286 3004 2585 3072 specialiter
2619 3005 2729 3063 obli
2768 3022 2896 3076 ata,
2948 3012 3119 3082 magis
3157 3025 3413 3069 noceatur

1799 3071 2100 3143 creditori,
2148 3091 2259 3131 rem
2296 3072 2485 3130 aliam·
2513 3072 2619 3132 sibi
2655 3076 2725 3133 ob
2753 3084 2952 3148 igatam
2988 3097 3095 3135 non
3155 3078 3419 3154 habenti,

1799 3158 1960 3210 quam
1991 3142 2207 3201 debitor
2240 3155 2451 3203 teneret
2470 3163 2489 3212 5
2528 3151 2584 3203 in
2618 3148 2859 3219 generali
2896 3160 3075 3205 autem
3113 3147 3416 3220 hypotheca

1799 3214 1977 3269 omnis
2012 3212 2273 3271 debitoris
2309 3212 2449 3271 bona
2486 3215 2737 3285 devincta
2772 3221 2882 3274 sint
2905 3258 2922 3285 ‚
2956 3220 3100 3276 unde
3133 3234 3252 3289 post
3287 3239 3414 3291 qua-

1799 3283 2030 3340 tundam
2075 3281 2493 3342 distrafflonem
2528 3284 2704 3345 adbuc
2754 3287 2822 3347 de
2855 3286 3075 3357 reliquis
3107 3306 3141 3345 a
3174 3290 3416 3351 debitore

1799 3357 2045 3421 possessis
2079 3352 2464 3426 hypothecaria
2487 3357 2585 3424 ipsi
2605 3370 2778 3435 potest
2812 3356 3041 3416 debitori
3077 3366 3309 3422 moveri.·
3330 3360 3417 3419 lta

1798 3436 1914 3492 post
1955 3419 2235 3481 Huberum
2269 3422 2351 3479 ad
2378 3425 2547 3481 Parui.
2585 3432 2668 3483 rit.
2705 3427 2771 3482 de
2798 3432 2986 3503 ptgnor.
3007 3427 3075 3491 (ς
3110 3429 3311 3499 bypotb.
3349 3453 3406 3488 n.

1794 3505 1849 3565 9.
1888 3490 2373 3551 Brunnemannum
2406 3495 2490 3550 ad
2512 3496 2548 3552 l.
2588 3495 2673 3566 24.
2713 3499 2767 3553 C.
2787 3497 2850 3553 de
2880 3501 3013 3570 pign.
3036 3496 3103 3560 (ς
3138 3498 3408 3571 hypothec.

1795 3561 2053 3636 aliosque,
2084 3563 2288 3621 clariss.
2309 3565 2448 3624 ,luris
2474 3581 2776 3627 antecessor
2818 3566 2884 3624 D.
2930 3569 3409 3642 Vagenstecher.in

1797 3630 2004 3690 Imert'o
2038 3654 2132 3690 suo
2164 3634 2372 3706 injuria
2409 3637 2694 3705 vapulante
2713 3681 2730 3711 ,
2784 3642 3000 3695 coitione
3032 3639 3084 3694 ὅ.
3120 3639 3205 3696 ad
3254 3642 3405 3699 autb.

1796 3699 1887 3759 hoc
1915 3705 1971 3781 >si
2007 3704 2065 3758 C.
2090 3703 2153 3759 de
2217 3710 2238 3760 i
2266 3725 2322 3763 n.
2342 3705 2410 3769 Θ
2443 3706 2641 3786 hjypqtb.
2660 3702 2712 3779 §.
2734 3703 2783 3763 5.
2808 3707 2874 3771 ίσ
2893 3729 3024 3782 seqq.
3047 3704 3272 3769 Interim
3309 3730 3410 3766 no-

1795 3773 1922 3831 stris
1957 3774 2203 3832 moribus
2262 3794 2333 3832 on
2370 3794 2402 3831 e
2436 3793 2608 3844 mayor
2634 3777 2733 3835 hac
2768 3780 2821 3835 in
2863 3793 3023 3848 parte
3058 3783 3288 3839 mutatio
3324 3779 3405 3837 fa-

1795 3840 1882 3903 &a
1918 3839 2047 3914 fiait,
2077 3845 2208 3902 dum
2244 3852 2303 3903 in
2360 3845 2745 3905 mmobiiibuss
2785 3848 3024 3913 ecialiter
3062 3849 3147 3909 vel
3179 3868 3249 3907 ex
3288 3850 3404 3924 lege

1796 3916 2007 3986 pignori
2042 3912 2314 3988 obligatis,
2335 3919 2392 3977 ὅ(
2426 3913 2498 3972 ab
2532 3918 2650 3986 ipso
2681 3914 2750 3976 de
2792 3920 2929 3979 itote
2963 3925 3229 3991 possessis,
3265 3919 3404 3979 libe-

1795 4001 1917 4041 rum
1952 3987 2208 4044 creditori
2243 3999 2323 4045 est
2358 3992 2632 4046 intentare
2666 3988 2825 4048 simul
2862 3988 3197 4060 personalem
3232 3987 3403 4051 afflo-

1797 4072 1917 4113 nem
1951 4058 2006 4115 δι
2046 4053 2509 4127 hypothecariam,
2544 4075 2609 4114 ac
2630 4075 2742 4114 uno
2775 4072 3055 4127 utramque
3090 4058 3279 4119 libello
3311 4079 3406 4117 cu·

1795 4123 2021 4195 mulare,
2054 4138 2114 4183 ut
2150 4126 2355 4185 diuum
2386 4129 2474 4183 tir.
2511 4125 2573 4183 de
2611 4125 2803 4184 edendo
2836 4149 2888 4184 n.
2933 4129 3014 4201 ¹4·
3047 4131 3106 4186 in
3140 4131 3280 4205 nied.
3319 4136 3414 4189 iis-
3462 4177 3483 4188 -

1793 4197 1916 4254 dem
1953 4212 2081 4253 vero
2113 4194 2185 4253 ab
2216 4209 2444 4254 esterno
2478 4202 2757 4271 possessis,
2794 4205 2991 4260 iterum
3043 4196 3236 4259 eiectio
3286 4220 3403 4257 cre-

1794 4266 1962 4325 ditori
1998 4270 2247 4324 restituta
2263 4278 2363 4339 est,
2396 4280 2576 4324 utrum
2612 4269 2755 4337 prius
2782 4267 2997 4329 afflone
3015 4270 3280 4341 personali
3314 4270 3411 4327 de-

1798 4335 2048 4409 bitorem,
2079 4353 2153 4392 an
2195 4334 2579 4410 hypothecaria
2616 4341 2837 4395 tertium
2873 4342 3109 4411 pignoris

1798 4422 1907 4464 rem
1940 4410 2232 4464 convenire
2267 4407 2441 4478 malit,
2480 4408 2678 4464 Politic.
2716 4407 2949 4467 Oriona.
2989 4429 3113 4466 van.
3150 4409 3402 4467 Houand.

1794 4492 1903 4533 art.
1938 4471 2027 4532 36.
2070 4473 2202 4547 imo,
2237 4480 2284 4532 si
2321 4478 2523 4548 praediis
2560 4477 2718 4535 simul
2754 4497 2817 4537 ac
2854 4477 3112 4549 praedibus
3145 4480 3402 4538 creditori

1794 4552 2012 4604 cautum
2052 4541 2250 4618 fuerit,
2289 4555 2554 4607 sancitum
2591 4550 2648 4603 in
2690 4546 2988 4608 Houandia
3009 4590 3028 4618 ,
3060 4548 3404 4678 personaigffi

1797 4618 2071 4676 adversus·
2087 4612 2414 4687 fidejussores
2446 4613 2718 4676 afflonem
2751 4618 3023 4690 quiescere
3056 4620 3123 4677 de

171 4689 220 4751 5.
251 4692 403 4759 Licet
441 4712 634 4757 autem
671 4695 786 4766 iure
822 4698 994 4759 veteri
1047 4690 1240 4753 elefflo
1290 4692 1550 4750 creditori
1584 4708 1734 4747 com-
1799 4706 1900 4745 nec
1920 4691 2112 4759 pignus
2132 4704 2411 4766 excussum
2435 4685 2630 4760 fixerit,
2666 4708 2730 4746 ac
2765 4704 2881 4747 tum
2902 4691 3122 4749 demum
3154 4688 3225 4746 ad
3256 4705 3404 4774 eam,

114 4771 325 4841 petierit,
358 4785 555 4832 utrum
595 4770 740 4839 prius
773 4767 1072 4827 debitorem
1110 4762 1464 4837 principalem
1483 4776 1578 4823 aut
1614 4759 1739 4824 fide-
1800 4777 1911 4831 qus
1947 4756 2202 4817 adversus
2251 4756 2576 4828 fide-umores
2609 4766 2900 4834 competit,
2953 4757 3099 4820 velut
3135 4757 3405 4820 subsidia-
